2925 5150
702 531 777 590 16
1404 522 1985 589 OLYMPIA.

688 714 1026 780 possessam
1054 692 1196 760 inde
1224 695 1302 759 ab
1348 692 1591 774 AEaeo3
1635 714 1820 783 quem
1849 694 2016 761 filins
2047 693 2304 759 Latonae
2356 694 2600 777 lateque
2621 714 2740 779 po-

688 805 824 862 tens
854 798 1184 917 Neptunus
1211 797 1330 862 llio
1363 778 1724 881 (moenium)
1761 818 2049 864 coronam
2098 794 2446 881 imposituri
2474 795 2739 860 advoca-

684 910 827 966 runt
853 902 1090 967 socium
1139 899 1408 966 laboris’
1389 921 1457 963 ιιι
1512 900 1879 965 exstruendo
1925 920 2127 965 muro.
2169 898 2421 983 Quippe
2449 906 2581 963 erat
2607 899 2738 962 fato

682 1002 1108 1083 constitutum,
1139 1001 1288 1069 illud
1304 1011 1389 1083 ut
1404 1009 1539 1064 orto
1559 1000 1718 1064 bello
1734 1001 2012 1066 urbium·
1984 999 2365 1119 ·vastqtrices
2394 999 2555 1065 inter
2573 1020 2735 1086 pug-

476 1116 569 1181 Ερ.
604 1120 653 1168 2.
685 1126 790 1171 nas
833 1106 1111 1213 rapidum
1141 1105 1446 1170 exhalaret
1473 1104 1741 1169 fumum.
1770 1141 1857 1152 —
1886 1103 2011 1169 Sed
2040 1103 2210 1171 caesii
2238 1103 2552 1183 dracones,
2581 1104 2734 1173 dum

614 1220 625 1233 ·
680 1188 1087 1289 struebatur,
1070 1229 1133 1272 ιιι
1188 1226 1407 1271 novam
1438 1203 1847 1270 munitionem
1881 1204 2224 1271 insilientes
2251 1215 2390 1284 tres,
2439 1207 2565 1271 duo
2593 1207 2732 1289 qui-

678 1311 819 1375 dem
837 1310 1216 1389 deciderunt,
1246 1307 1449 1391 ibique
1466 1306 1671 1371 obtusi
1691 1305 1975 1392 spiritum
2004 1307 2377 1372 emiserunt.
2411 1329 2570 1373 unns
2588 1331 2732 1375 vero

679 1410 892 1476 insiliit
917 1410 1096 1476 sibilo
1124 1412 1308 1474 facto.
1351 1408 1536 1473 Dixit
1552 1418 1759 1477 autem
1782 1430 1987 1475 coram
2016 1409 2228 1475 animo
2256 1411 2503 1476 volvens
2517 1411 2726 1496 prodi-

677 1511 850 1597 gium
867 1512 1141 1597 protinus
1157 1511 1418 1597 Apollo:
1468 1508 1799 1596 Pergamus
1824 1532 1898 1576 ea
1923 1521 2116 1597 parte,
2145 1532 2266 1596 qua
2294 1511 2438 1594 tuis,
2466 1534 2505 1577 o
2526 1513 2728 1594 heros,

679 1615 965 1680 manibus
1019 1614 1265 1679 condita
1291 1622 1406 1695 est,
1425 1611 1704 1697 capitur=
1749 1612 1837 1677 sie
1866 1612 2020 1681 mihi
2046 1621 2356 1678 ostentum
2401 1613 2634 1679 indicat
2690 1637 2728 1680 a

474 1722 573 1772 sir.
597 1726 650 1774 3.
679 1716 966 1781 Saturnio
982 1716 1236 1783 missum
1255 1713 1625 1799 gravistrepo
1640 1712 1830 1778 Jove:
1856 1751 1946 1765 --
1973 1734 2097 1779 non
2122 1713 2253 1779 sine
2270 1714 2409 1779 filiis
2434 1714 2583 1793 tuis3
2616 1718 2723 1783 sed

679 1840 823 1887 cum
854 1817 1035 1904 primi
1056 1828 1123 1885 ct
1168 1815 1367 1902 quarti
1394 1815 1617 1900 gradus
1647 1816 1905 1902 posteris
1932 1834 2027 1881 res
2050 1814 2363 1903 procedet.
2436 1816 2543 1881 Sic
2573 1839 2723 1883 sane

676 1922 829 1986 deus
858 1920 1075 1986 diserte
1103 1923 1395 2005 loquutus
1422 1917 1501 1983 ad
1527 1917 1852 1984 Xanthum
1894 1918 2252 2004 properabat
2280 1926 2344 1982 et
2370 1918 2724 1985 Amazonas

675 2036 978 2108 equestres
1001 2022 1348 2108 Istrumque
1387 2028 1615 2085 vectus.
1675 2020 1965 2086 Fuscinas
1993 2040 2136 2085 vero
2162 2019 2422 2086 vibrator
2446 2020 2524 2086 ad
2548 2021 2723 2088 Isth-

677 2146 850 2191 mum
885 2123 1193 2190 marinum
1223 2144 1468 2189 currum
1502 2123 1764 2188 celerem
1783 2121 2106 2206 dirigebat,
2132 2121 2437 2187 deducens
2453 2120 2719 2188 AEacum

442 2240 560 2293 Am.
592 2246 641 2293 3.
672 2227 794 2292 huc
810 2248 991 2293 curru
1012 2248 1217 2310 aureo,
1244 2265 1331 2277 -
1351 2234 1417 2290 et
1443 2224 1522 2290 ad
1551 2222 1830 2290 Corinthi
1849 2221 2100 2309 jugum,
2128 2222 2719 2311 visuruscpulas(sa-

531 2310 615 2359 ⁶⁸·
648 2331 794 2414 ·cra)
827 2330 1115 2395 celebres.
1173 2329 1348 2394 Idem
1377 2349 1520 2392 vero
1548 2348 1673 2391 non
1701 2326 1999 2392 delectare
2026 2325 2183 2390 solet
2224 2347 2463 2392 omnes.
2521 2326 2591 2392 Si
2619 2335 2719 2393 ta·-

668 2449 812 2493 men
841 2449 959 2511 ego
986 2425 1289 2507 Melesiae‚
1319 2446 1396 2488 ex
1415 2424 1799 2512 *imberbibus
1815 2424 2157 2511 discipulis,
2184 2424 2440 2509 gloriam
2470 2445 2718 2511 percur-

664 2550 792 2595 ram
816 2529 1071 2615 hymm,
1107 2547 1185 2592 ne
1221 2535 1392 2613 petat
1419 2547 1519 2591 me
1547 2546 1757 2612 aspero
1785 2525 1982 2618 lapide
2011 2524 2269 2594 Invidia.
2337 2525 2433 2593 Et
2454 2525 2718 2595 Nemea

665 2630 831 2696 enim
888 2637 1257 2716 reportatum
1320 2630 1423 2714 (ab
1451 2629 1551 2711 eo)
1581 2628 1805 2713 pariter
1844 2628 2045 2693 dicam
2075 2630 2196 2695 tale
2244 2627 2454 2711 decus,
2482 2639 2546 2696 et
2571 2653 2717 2718 pos·

465 2762 559 2826 Es>-
585 2771 636 2819 3·
664 2742 763 2798 tea
786 2733 944 2799 inter
971 2734 1128 2798 viros
1156 2754 1432 2818 pugnarn
1461 2769 1552 2781 —
1580 2731 1644 2796 in
1672 2730 2002 2816 pancratio.
2043 2729 2285 2797 Docere
2327 2742 2558 2812 autem,
2584 2734 2716 2802 uti·

518 2833 603 2884 ⁷⁷·
662 2857 781 2921 que
807 2855 1000 2921 gnaro
1020 2835 1293 2913 facilius3
1323 2836 1583 2900 stultum
1607 2854 1772 2916 vero,
1790 2854 1921 2897 non
1950 2832 2380 2920 praedidicisse.
2422 2837 2717 2904 Leviores

661 2939 828 3003 enim
860 2938 1319 3024 inexpertorum
1348 2947 1608 3004 mentes.
1655 2933 1888 3000 Contra
1913 2934 2017 2999 ille
2045 2935 2293 3002 docebit
2319 2959 2419 3002 eas
2445 2960 2540 3004 res
2569 2960 2712 3006 me·

658 3042 777 3106 lius
805 3042 1052 3107 ceteris:
1098 3040 1236 3124 quis
1267 3040 1486 3104 modus
1515 3039 1712 3103 virum
1739 3058 1815 3100 eo
1842 3036 2154 3121 perducat,
2174 3048 2246 3105 ut
2262 3061 2340 3106 ex
2361 3040 2546 3107 sacris
2569 3063 2716 3110 cer-
2759 3085 2784 3106 .

658 3141 999 3207 taminibus
1056 3139 1628 3207 desideratissimam
1680 3138 1937 3225 gloriam
1995 3151 2283 3228 reportet.
2341 3142 2534 3208 Nunc
2561 3145 2709 3229 qui·

658 3227 848 3310 dem
830 3244 948 3328 ipsi
978 3243 1168 3309 decus
1195 3252 1289 3309 αι
1342 3243 1709 3309 Alcimedon
1741 3241 2050 3309 victoriam
2101 3246 2472 3313 tricesimam
2516 3247 2710 3336 adep·

460 3354 554 3404 ει.
582 3358 632 3404 4.
658 3354 761 3410 tus
788 3383 877 3395 —
902 3347 1010 3430 qui
1044 3347 1291 3411 fortuna
1316 3346 1563 3432 quidem
1592 3345 1823 3425 divina,
1854 3366 1970 3411 nec
2015 3347 2241 3413 virtute
2270 3351 2486 3415 tamen
2506 3351 2704 3419 desti-

517 3423 603 3470 ⁸⁸’
660 3458 852 3528 tutus,
881 3459 1144 3567 quatuor
1168 3470 1500 3534 puerorum
1531 3448 1883 3536 corporibus
1917 3450 2169 3535 (pueris)
2204 3452 2406 3517 effecit
2431 3452 2707 3522 reditum

655 3550 1113 3631 invisissimum‚
1143 3559 1207 3614 et
1241 3550 1373 3616 sine
1395 3553 1751 3617 auctoritate
1804 3551 2105 3636 linguam,
2133 3564 2196 3618 et
2251 3553 2711 3624 clandestinum

655 3652 999 3717 incessum·
981 3699 1001 3734 ‚
1047 3654 1203 3738 patri
1233 3662 1440 3718 autem
1471 3654 1662 3740 patris
1724 3658 1890 3739 (avo)
1924 3654 2238 3739 inspiravit
2286 3641 2471 3721 robur
2523 3657 2709 3723 senio

650 3759 987 3823 adversum.
1071 3758 1223 3824 Orci
1254 3761 1471 3844 utique
1515 3759 1909 3842 obliviscitur,
1961 3768 2210 3826 strenua
2234 3760 2342 3846 qui
2369 3764 2705 3847 patraverit

413 3876 531 3928 Aut.
567 3883 618 3929 4.
646 3861 755 3926 vir.
784 3900 873 3911 —
901 3861 1024 3926 Sed
1055 3884 1153 3926 me
1179 3863 1356 3927 decet
1390 3862 1886 3948 (praeteritorum)
1925 3863 2282 3930 memoriam
2314 3864 2700 3935 excitantem

506 3950 586 3996 ⁹⁷·
644 3964 849 4050 eloqui
882 3985 1176 4030 manuum
1215 3964 1527 4030 victoriale
1554 3964 1741 4028 decus
1770 3964 2261 4050 Blepsiadarum,
2278 3975 2453 4034 sexta
2468 3967 2707 4052 quibus

633 4067 766 4155 jam
792 4088 1018 4133 corona
1047 4066 1422 4133 circumdata
1449 4077 1548 4132 est
1575 4066 1915 4134 frondiferis
1945 4089 2022 4133 ex
2051 4063 2505 4136 certaminibus.
2574 4071 2706 4141 Est

642 4192 784 4236 vero
806 4171 992 4236 etiam
1016 4169 1216 4255 aliqua
1240 4168 1499 4234 mortuis
1524 4191 1658 4255 pars
1693 4169 1971 4252 (munus)
2005 4170 2120 4235 rite
2149 4172 2551 4257 perficienda;
2584 4198 2703 4243 oc-

648 4275 843 4339 cultat
870 4273 1035 4338 enim
1090 4294 1473 4358 nequaquam
1504 4273 1701 4359 pulvis
1729 4273 1934 4356 (terra)
1969 4285 2367 4359 cognatorum
2397 4276 2705 4348 illustoem

466 4404 630 4509 ²83⁴·
653 4373 894 4440 laudem
931 4379 1082 4462 (quo
1114 4376 1318 4443 minus
1348 4376 1523 4441 inferi
1554 4396 1690 4439 eam
1722 4373 2095 4458 resciscant.)
2129 4414 2218 4428 --·
2259 4377 2566 4445 Murcurii
2581 4401 2701 4449 au·

480 4472 499 4510 ¹
578 4499 591 4512 .
