2925 5150
841 551 1309 621 CARMEN
1355 553 1501 623 vn.
2130 565 2208 623 13
2327 566 2334 571 '

167 728 429 791 fructum
460 723 725 790 mittens
753 722 828 786 ad
858 744 984 802 eos,
1016 723 1124 806 qui
1152 722 1465 806 Olympiae
1512 720 1887 808 Delphisque
1938 726 2212 793 victoriae

166 826 419 911 praemia
444 831 853 909 reportarunt,
878 825 959 893 153
985 823 1314 908 gratificor,
1402 822 1578 888 Felix
1618 824 1744 904 ille,
1788 847 1971 910 quem
2014 827 2214 894 Fama

161 926 559 1013 amplectitur
588 926 768 989 bona.
850 924 1021 990 Alias
1049 934 1255 989 autem
1278 926 1474 990 alium
1501 928 1754 1010 respicit
1798 930 1962 994 alma
2002 931 2218 997 Gratia
2313 926 2340 939 ⁸

162 1030 441 1114 (Musa),
466 1026 821 1093 blandisona
847 1046 996 1092 cum
1027 1026 1258 1092 cithara
1284 1029 1644 1112 sonorisque
1670 1028 1960 1096 tibiarum
1988 1033 2220 1096 inmu-

157 1131 427 1197 mentis.
456 1164 544 1180 -
577 1126 668 1192 Et
695 1122 835 1193 v'ero
864 1148 1031 1192 nunc
1055 1126 1233 1191 venio
1261 1128 1337 1193 ad
1365 1129 1787 1195 celebrandam
1818 1142 2077 1218 utraque
2101 1131 2215 1217 (ci-
2238 1164 2309 1230 ΕΡ
2311 1169 2414 1215 ,η

160 1232 327 1296 thara
351 1239 418 1296 et
449 1230 625 1311 tibia)
659 1250 807 1295 cum
834 1227 1126 1312 Diagora,
1157 1228 1457 1294 marinam
1488 1229 1678 1296 filiam
1719 1231 1974 1299 Veneris
2020 1233 2219 1299 Solis-

162 1355 295 1419 que·,
324 1331 697 1418 Nympham
721 1330 1014 1396 Rhodum
1043 1332 1419 1411 bellicosam,
1435 1339 1508 1395 ut
1523 1332 1843 1416 ingentem
1861 1333 2058 1399 virum
2078 1355 2224 1419 pro·

168 1456 238 1520 pe
260 1435 577 1522 Alpheum
608 1430 1063 1516 Castaliamque
1085 1442 1445 1498 coronatum
1479 1434 1788 1518 pugilatus
1814 1444 2061 1521 propter
2086 1437 2223 1499 vic-

167 1536 370 1601 teriam
388 1534 631 1600 laudem
632 1541 1025 1619 ,panemque
1041 1534 1455 1620 Damagetum
1466 1534 1755 1602 Justitiae
1767 1556 2014 1615 eertum
2035 1536 2219 1602 triur-

171 1639 305 1703 bem
331 1637 591 1702 insulam
617 1656 811 1721 prope
841 1634 1016 1700 Asiae
1040 1635 1322 1721 spatiosa
1351 1644 1617 1703 rostrum
1643 1658 1788 1701 cum
1805 1638 2034 1729 Argiva
2050 1640 2216 1702 mul-

169 1739 421 1804 titudine
447 1736 897 1816 inhabitantes3
928 1773 1012 1787 --
1044 1737 1268 1820 quibus
1284 1739 1426 1802 volo
1442 1738 1585 1803 inde
1607 1737 2024 1824 aTlepolemo
2038 1760 2215 1805 oom-
2237 1748 2306 1799 st.
2337 1754 2382 1799 ι.
2507 1827 2514 1833 .

174 1860 361 1903 mune
396 1851 711 1904 contexere
737 1859 1009 1918 carmen,
1043 1839 1335 1905 Herculis
1363 1843 1486 1904 late
1521 1841 1759 1925 potenti
1785 1842 2006 1929 stirpi.
2093 1840 2214 1907 Pa·

172 1950 343 2007 tana
368 1942 527 2007 enim
556 1943 735 2027 stirpe
757 1963 797 2005 a
822 1941 984 2008 Jove
1010 1953 1177 2007 ortos
1205 1964 1270 2006 se
1318 1943 1660 2026 gloriantur
1675 1967 1695 2022 3
1745 1952 2021 2009 materna
2072 1964 2215 2008 vero

170 2041 307 2108 inde
331 2046 408 2108 ab
434 2045 803 2130 Astydamea
829 2056 980 2110 sunt
1008 2044 1461 2128 Amyntoridae.
1545 2044 1827 2111 Pendent
1872 2065 2014 2109 vero
2057 2044 2218 2109 circa

169 2143 480 2211 huminum
510 2156 751 2212 mentes
771 2146 1082 2213 innumeri
1108 2166 1356 2226 errores,
1386 2145 1758 2231 difficileque
1803 2153 1901 2210 est
1943 2144 2217 2228 adsequi,

177 2276 259 2298 ·——
284 2256 374 2335 ut,
395 2270 536 2333 quse
564 2268 737 2315 nunc
756 2247 928 2314 adest
953 2247 1234 2328 felicitas,
1257 2246 1470 2315 eadem
1502 2248 1582 2312 ad
1609 2256 1867 2313 mortem
1894 2262 2084 2329 usque
2101 2246 2217 2310 ho-
2239 2270 2350 2320 Ant.
2369 2274 2417 2318 2,

180 2348 323 2414 mini
346 2351 687 2436 contingat.
733 2348 992 2416 Etenim
1019 2350 1341 2415 Alcmenae
1368 2352 1615 2415 fratrem
1648 2348 1937 2429 nothum,
1963 2346 2215 2432 Licym-
2271 2338 2352 2385 ⁴⁷·

180 2451 361 2533 nium,
383 2475 419 2517 e
443 2452 682 2520 Midea
706 2454 977 2519 thalamo
991 2454 1362 2535 venientem,
1378 2453 1551 2519 (lutee
1589 2454 1747 2518 oleae
1784 2456 2028 2538 sceptro
2073 2470 2213 2537 per-

184 2554 404 2620 cutiens
419 2556 648 2623 occidit
673 2554 977 2643 Tirynthe
996 2552 1181 2642 hujus
1206 2556 1358 2622 olim
1377 2564 1555 2624 terrae
1584 2553 1865 2621 conditor
1899 2552 2212 2639 (Tlepole-

189 2656 348 2741 mus)
392 2657 596 2725 iratus.
685 2659 792 2726 Sic
852 2657 1076 2724 mentis
1127 2658 1616 2742 perturbationes
1663 2677 1972 2724 oecaecare
2015 2658 2219 2721 solent

188 2753 366 2819 etiam
382 2759 726 2842 apientem.
768 2760 1103 2826 omnum
1124 2767 1331 2823 eutem
1346 2758 1545 2845 petiit,
1567 2759 1644 2823 ad
1660 2758 1842 2824 deum
1862 2759 2172 2842 profectus
2189 2779 2213 2836 3

182 2891 267 2906 -
291 2864 538 2946 tumque
565 2862 931 2928 Auricomus
957 2861 1117 2923 bene
1142 2859 1393 2924 odorato
1406 2880 1484 2922 ex
1502 2856 1715 2942 adyto
1692 2859 1879 2942 jussit
1895 2878 2042 2922 eum
2061 2858 2215 2922 Ler-
2207 2875 2333 2937 Ep.
2355 2880 2401 2923 τ.

180 2979 310 3024 naeo
334 2981 371 3024 a
393 2962 567 3030 litore
597 2966 844 3030 navium
874 2965 1132 3029 classem
1159 2960 1505 3026 deducere‘
1487 2981 1556 3025 ιιι
1582 2959 1898 3043 regionem
1955 2931 2304 3041 undique⁵

178 3064 317 3127 mari
343 3063 634 3147 cinctam,
663 3068 771 3133 ubi
802 3065 1116 3153 quondam
1148 3085 1413 3148 magnus
1440 3064 1696 3130 deorum
1724 3081 1833 3126 rex
1861 3060 2057 3124 aureis
2096 3058 2220 3125 im-

180 3163 365 3231 bribus
389 3167 743 3254 irrigaverat
772 3169 1008 3249 urbem,
1041 3166 1289 3251 quando
1317 3164 1582 3232 Vulcani
1613 3161 1867 3245 artibus,
1897 3182 2072 3227 aenea
2115 3162 2216 3228 bi-

178 3269 366 3350 penni,
395 3270 687 3337 Minerva
714 3293 749 3335 e
776 3270 965 3356 patris
992 3290 1244 3334 summo
1271 3270 1496 3336 vertice
1524 3266 1845 3354 prosiliens
1895 3264 2222 3330 vociferata

182 3375 264 3431 est
284 3369 513 3458 ingenti
537 3377 840 3453 clamore,
856 3371 1230 3457 Coelumque
1245 3370 1513 3439 horruit
1495 3390 1691 3457 npsam
1719 3376 1783 3433 et
1804 3366 1993 3433 Terra
2011 3377 2222 3433 mater.

184 3501 257 3519 ·-
281 3470 447 3539 Tunc
474 3477 675 3541 etiam
706 3475 1052 3558 adfulgens,
1084 3475 1437 3540 mortalibus
1465 3474 1618 3539 deus
1649 3470 2095 3556 Hyperionide-1
2117 3472 2220 3534 su·
2246 3484 2340 3531 st.
2362 3487 2410 3535 ³.

178 3579 355 3642 ttmun
378 3577 706 3644 mandavit
721 3577 1034 3641 observare
1063 3575 1382 3661 negotium
1407 3574 1754 3640 filiisearis:
1798 3580 1872 3636 ut
1892 3571 2023 3635 deae
2040 3570 2222 3656 primi
2277 3554 2357 3598 ⁷¹

176 3677 479 3744 made-eut
507 3699 689 3745 aram
720 3677 1143 3763 conspicuam,
1172 3686 1236 3743 et
1262 3677 1381 3764 piis
1408 3677 1590 3743 sacris
1618 3674 1798 3741 factis
1843 3695 1986 3739 cum
2029 3673 2224 3740 Patri·

173 3776 426 3868 mimum
456 3780 906 3857 exhilararent,
963 3787 1099 3845 tum
1150 3778 1386 3851 Puellae
1422 3778 1815 3844 hastifremas.
1899 3774 2209 3840 Virtutem

171 3888 353 3946 autem
380 3869 830 3967 injicere'solet
855 3887 921 3944 et
947 3880 1318 3946 alacritatem
1338 3879 1690 3945 hominibus
1724 3898 1866 3962 erga
1898 3876 2226 3962 prudenter

174 3992 517 4050 monentem
534 3980 904 4049 reverentia.
921 4019 1009 4033 —-
1026 3982 1151 4048 Sed
1166 3981 1550 4068 supervenire
1566 3982 1719 4046 solet
1734 3979 2017 4064 quaedam
2037 3979 2223 4043 etiam
2248 4007 2360 4053 Aa..
2375 4009 2424 4054 ³.

172 4082 471 4149 oblivionis
498 4105 583 4148 ex
614 4085 952 4170 improviso
980 4086 1176 4150 nubes
1204 4093 1269 4149 et
1295 4086 1492 4150 aufert
1535 4105 1615 4148 ex
1662 4082 2225 4154 mentibus,rerum
2276 4073 2358 4118 ⁸²·

172 4187 523 4268 mendarum
555 4196 799 4253 rectam
827 4187 1015 4253 viam.
1097 4185 1354 4252 Etenim
1375 4207 1500 4252 non
1520 4203 1732 4251 secum
1750 4185 2030 4263 gerentes
2046 4178 2226 4242 flam-

172 4305 278 4351 m
301 4290 573 4358 ardentis
603 4309 825 4354 semen
852 4289 1277 4367 ascenderunt,
1296 4296 1768 4370 struxeruntque
1791 4275 2224 4361 igue-carenti-

178 4387 275 4456 ΒΝ
298 4392 612 4462 sacrificiis
636 4393 848 4458 locum
878 4412 1114 4460 sacrum
1144 4390 1212 4457 iu
1227 4412 1383 4459 arce.
1470 4391 1678 4475 Atque
1707 4381 1829 4449 illis
1852 4378 2099 4461 quidem
2117 4383 2227 4468 flag-
