2925 5150
806 484 1276 554 CARMEN
1321 484 1506 554 vm.
2096 491 2198 566 77

118 658 356 725 invidis..
434 657 724 743 Attingit
751 678 896 723 vero
927 656 1209 742 (invidia)
1238 676 1478 742 semper
1501 657 1723 738 bonos,
1750 680 1896 726 cum
1919 661 2185 729 deterio-

116 759 270 826 ribus
298 768 516 825 autem
545 781 680 824 non
725 759 1065 826 contendit.
1109 795 1199 810 -
1238 756 1494 824 Eadem·
1510 766 1573 823 et
1596 757 1954 827 Telamonis
1979 765 2184 850 perdi·
2208 751 2284 799 ⁴⁴¹¹
2237 752 2386 867 δὲ*

38 854 41 907 Τ
111 861 191 927 dit
215 862 456 943 filium,
487 883 639 927 ense
680 860 944 927 induens
992 863 1224 953 (ιιιιιιι).9
1305 859 1543 946 Utique
1589 859 1801 927 animo
1843 817 2304 947 strenuum,³⁹

112 965 154 1030 si
200 963 505 1032 facundia
556 972 779 1043 careat,
806 963 1038 1028 oblivio
1078 961 1438 1044 obscuritas,
1468 971 1541 1029 ut
1567 962 1821 1030 inferior
1852 963 2183 1052 judicetur)

38 1042 39 1107 Ψ
110 1069 404 1155 opprimit
446 1066 602 1132 tristi
627 1067 694 1130 in
725 1065 1097 1132 certamine·
1074 1112 1099 1147 ‚
1142 1066 1493 1135 maximum
1535 1087 1681 1130 vero
1710 1067 2192 1134 callide-ornatis

114 1171 445 1237 mendaciis
517 1169 850 1256 praemium
907 1168 1290 1256 propositum
1350 1176 1466 1234 oet.
1555 1166 1961 1235 Clanculariis
2018 1169 2189 1235 enim

112 1273 408 1360 suffragiis
440 1272 656 1359 Ulyssi
684 1271 892 1337 Danai
918 1269 1247 1358 gratificati
1274 1277 1462 1350 sunt3
1492 1269 1695 1337 aureis
1724 1291 1868 1336 vero
1893 1270 2059 1358 Ajax
2079 1273 2188 1338 de

115 1376 415 1441 fraudatus
460 1374 650 1441 armis
682 1396 830 1441 cum
884 1373 1056 1440 caede
1099 1374 1372 1463 luctatqs
1399 1379 1516 1436 est.
1557 1408 1651 1422 --
1693 1370 1930 1458 Utique
1975 1383 2184 1440 tamen
2213 1369 2324 1483 ΕΡέ
2336 1374 2386 1420 ²·

117 1477 427 1544 dissimilia
452 1476 778 1543 hostibus
759 1499 827 1543 ιιι
857 1476 1058 1543 calido
1085 1496 1341 1562 corpore
1364 1476 1623 1543 vulnera
1640 1476 1993 1543 inflixerant
2022 1478 2185 1544 mili·

119 1589 304 1646 tantes
347 1582 740 1648 defensante·
744 1581 1050 1647 homines,
1058 1581 1256 1661 hasta,
1283 1579 1510 1666 partim
1539 1579 1706 1646 circa
1746 1580 2054 1647 Achillem
2084 1602 2184 1647 re-

116 1705 253 1749 cens
281 1686 706 1767 interfectum,
734 1686 963 1771 partim
1010 1684 1271 1749 aliorum
1321 1685 1604 1749 laborum
1653 1683 2186 1769 perniciosissimis

115 1785 353 1852 diebus.
441 1787 564 1851 Sed
589 1786 812 1851 infesta
856 1786 1147 1851 nimirum
1195 1784 1487 1850 orationis
1531 1785 1799 1850 versutia
1839 1795 1968 1851 erat
1994 1787 2186 1853 etiam

117 1886 297 1969 olim,
324 1886 685 1952 blandorum
735 1891 1062 1954 verborum
1107 1909 1339 1969 comm,
1366 1887 1908 1969 doli-meditatrix,
1946 1888 2184 1954 malefi-

119 2011 257 2053 cum
289 1992 720 2085 opprobrium,
753 2013 901 2087 quae
930 1991 1207 2076 quidem,
1235 1989 1402 2076 quod
1418 1989 1811 2076 splendidum
1842 1999 1957 2071 est,
1981 1990 2188 2078 depri-

126 2093 251 2173 mit,
281 2080 685 2157 obscurorum
716 2102 923 2158 autem
952 2092 1213 2178 gloriam
1258 2093 1502 2159 extollit
1533 2092 1871 2178 putridam.
1917 2131 2000 2143 -
2046 2092 2190 2159 Sint
2211 2106 2308 2155 Str.
2337 2110 2390 2156 s.

128 2214 435 2280 nunquam
469 2193 625 2259 mihi
648 2195 800 2258 tales
823 2215 1045 2274 mores,
1075 2215 1115 2258 o
1137 2193 1385 2281 Jupiter
1411 2196 1626 2280 pater!
1676 2195 1802 2259 Sed
1817 2195 1931 2259 viis
1948 2194 2192 2281 simpli·
2242 2173 2358 2233 ⁵⁹·-

131 2296 287 2360 cibus
312 2297 460 2361 vitae
490 2297 732 2362 utinam
758 2297 1065 2376 insistam,
1088 2296 1425 2361 defunctus
1455 2319 1536 2361 ne
1553 2296 1760 2362 liberis
1779 2299 2009 2362 famam
2031 2300 2192 2362 male

132 2396 462 2463 audientem
492 2398 861 2484 relinquam.
946 2400 1187 2462 Aurum
1218 2408 1461 2485 optant,
1488 2421 1910 2487 campumque
1939 2400 2090 2465 alii
2071 2423 2192 2466 ιιιι-

134 2521 423 2568 mensum.
504 2500 651 2589 Ego
694 2523 836 2566 vero
882 2502 1119 2567 civibus
1167 2502 1409 2567 utinam
1455 2504 1753 2590 probatus
1797 2504 1987 2568 etiam
2035 2514 2192 2571 terra

136 2607 399 2670 membra
423 2607 714 2691 operiam,
742 2606 997 2671 laudans
1025 2607 1347 2686 laudanda,
1379 2607 1754 2696 vituperium
1779 2630 1920 2674 vero
1943 2609 2191 2695 adsper-

136 2726 290 2792 gens
314 2706 387 2770 iis
411 2726 551 2791 quae
576 2708 855 2793 improba
882 2718 1047 2775 sunt.
1091 2749 1182 2759 —
1224 2710 1511 2775 Crescere
1530 2722 1737 2776 autem
1764 2714 1965 2777 solent
1994 2715 2189 2779 virtu·
2215 2716 2312 2828 Aoe
2293 2722 2329 2765 ¹·
2346 2718 2396 2765 ³·

139 2815 230 2871 tes
257 2807 542 2889 (laudes),
563 2809 724 2875 viridi
754 2835 890 2879 rore
905 2815 1075 2878 velut
1090 2815 1270 2877 arbor
1297 2814 1518 2896 surgit,
1546 2836 1657 2899 per
1684 2814 1899 2879 doctos
1924 2783 2312 2900 (poetas)⁶⁸

138 2910 444 2995 bonosque
476 2913 631 2976 viros
658 2917 945 2980 exaltatae
974 2914 1052 2979 ad
1093 2913 1398 2997 liquidum
1452 2913 1770 2978 aetherem.
1860 2914 2030 2980 Usus
2059 2936 2201 2978 vero

140 3012 323 3077 varius
350 3025 444 3078 est
473 3014 857 3097 amicorum3
902 3016 968 3081 in
992 3015 1264 3081 victoriis
1290 3015 1539 3101 quidem
1589 3016 1896 3080 maximez
1945 3015 2203 3101 quaerit-

143 3133 250 3198 que
275 3117 459 3180 etiam
490 3119 849 3200 oblectatio,
883 3131 942 3204 (e
985 3121 1307 3196 successu)
1341 3128 1487 3183 ante
1516 3120 1732 3185 oculos
1760 3117 2021 3183 aliorum
2055 3117 2204 3202 poni

146 3213 262 3302 ejus
302 3219 503 3285 fidem.
592 3219 802 3285 Tuam
836 3242 998 3299 vero,
1025 3245 1065 3287 o
1094 3221 1312 3307 Mega,
1341 3223 1615 3290 animam
1645 3241 1849 3286 rursus
1882 3221 1959 3285 ab
1990 3219 2203 3285 inferis

149 3320 411 3387 reducere
454 3361 542 3372 —
586 3342 713 3386 non
743 3323 993 3407 quidem
1040 3345 1298 3410 possum
1313 3347 1335 3404 3
1380 3344 1729 3409 vanamque
1757 3342 1929 3407 spem
1963 3323 2040 3386 ad
2068 3320 2201 3387 exi·
2228 3311 2322 3429 ¹³31!-
2346 3317 2402 3367 ³·

150 3427 270 3487 tum
293 3426 622 3510 perducere
654 3427 829 3506 velle,
848 3426 1168 3493 stolidum.
1252 3426 1374 3491 Sed
1395 3426 1582 3491 tribui
1606 3437 1735 3491 tuae
1757 3446 2015 3511 possum
2036 3424 2205 3493 Cba-
2324 3411 2341 3428 ⁶

151 3522 424 3612 riadisque
477 3529 802 3612 ingentem
854 3536 1120 3593 statuere
1166 3515 1432 3614 la'pidem
1484 3528 1832 3610 Musaenm,
1862 3529 1943 3591 ob
1973 3527 2204 3612 pedum

150 3625 402 3694 victorias
432 3631 699 3695 illustres
730 3629 825 3694 bis
853 3651 999 3694 sane
1028 3630 1205 3704 duas.
1292 3629 1554 3695 Gaudeo
1571 3630 1791 3694 'autem
1825 3628 2205 3693 convenien-

150 3735 232 3791 tes
252 3730 401 3795 facto
417 3732 706 3797 emittere
735 3731 968 3798 lauden.
1055 3731 1451 3800 Carminibus
1470 3753 1613 3797 vero
1635 3706 2208 3815 doloris-expertem

150 3833 308 3897 multi
334 3836 525 3898 etiam
557 3835 832 3898 laborem
863 3835 1085 3901 fecere.
1170 3835 1327 3900 Erat
1348 3835 1517 3899 enim
1548 3833 1924 3899 laudatorius
1943 3833 2212 3916 hymnus

143 3926 259 4102 {231
300 3936 472 4018 olim,
521 3936 714 4002 etiam
766 3946 1096 4024 antequam
1155 3937 1326 4004 fieret
1370 3937 1618 4004 Adrasti
1677 3935 2213 4026 Cadmeorumque

252 4056 376 4103 um.
