2925 5150
599 391 693 453 6⁸·
1393 384 1812 453 NEMEA.

598 564 853 623 uxorem
881 542 1346 622 altithronarum
1382 579 1567 623 unam
1600 557 1981 637 Nereidum3
2028 556 2300 642 viditque
2330 559 2664 625 rotundam

597 658 831 739 sedem,
862 661 967 726 cui
998 659 1145 724 coeli
1175 660 1349 745 reges
1374 661 1679 746 marisque
1695 659 2045 726 'insidentes
2068 659 2232 723 dona
2258 681 2528 746 opesque
2551 681 2666 724 ex·-

598 762 931 827 hibuerunt
980 763 1057 839 ad
1106 764 1527 848 posteritatem
1576 764 1694 848 ipsi
1736 763 2130 846 (duraturas).
2219 762 2400 827 Ultra
2429 762 2664 843 Gades,

598 882 888 930 occasum
917 885 1122 928 versus
1154 863 1406 948 procedi
1437 866 1675 951 nequit.
1749 863 2053 931 Converte
2098 885 2304 931 rursus
2343 863 2667 949 Europam

600 964 677 1030 ad
709 977 927 1030 terram
959 974 1339 1030 armamenta
1368 969 1579 1033 navis:
1617 966 1877 1032 difficile
1907 968 2077 1032 enim
2127 967 2282 1031 mihi
2310 977 2406 1031 est
2453 965 2666 1031 laudes

396 1079 497 1129 sir.
528 1079 577 1128 4.
604 1066 997 1133 AEacidarum
1031 1060 1251 1132 omnes
1277 1084 1640 1154 percurrere.
1677 1108 1744 1117 -
1777 1069 2185 1139 Theandridis
2225 1078 2668 1133 autemmem·

430 1146 544 1194 ¹²⁸·
599 1169 1152 1236 bra-roborantium
1176 1172 1588 1237 certaminum
1608 1172 1948 1257 Olympiae,
1972 1173 2038 1238 in
2069 1172 2332 1251 Isthmo,
2362 1170 2664 1236 Nemeae-

596 1293 722 1358 que
744 1293 949 1358 praeco
976 1281 1254 1356 promtus
1284 1275 1489 1340 venire
1513 1294 1925 1361 susceperam,
1944 1275 2056 1340 ubi
2079 1275 2400 1358 (laborem)
2424 1274 2668 1359 experti

594 1376 851 1442 domum
872 1373 1749 1443 inclitos-fructus-ferentibus
1768 1399 1891 1441 non
1910 1378 2218 1443 redierunt
2245 1377 2378 1442 sine
2397 1374 2676 1440 coronis.-

592 1478 856 1544 Tribum
877 1477 1041 1541 illam
1062 1478 1367 1559 audimus,
1382 1478 1799 1561 Timasarche,
1820 1490 1992 1544 tuam
2011 1480 2417 1546 victorialium
2435 1476 2661 1542 carmi-

598 1601 751 1645 num
782 1577 1123 1647 antistitem
1149 1603 1317 1647 esse..
1394 1583 1463 1647 Si
1495 1603 1636 1647 vero
1653 1604 1799 1646 sane
1830 1585 2136 1648 avunculo
2182 1578 2371 1647 etiam
2415 1577 2663 1645 Callicli

381 1711 504 1762 gu,
526 1715 560 1762 4
589 1682 773 1771 jubes
803 1698 903 1746 me
933 1684 1013 1733 -ὲ
1051 1687 1403 1751 columnam
1434 1704 1664 1772 ponere
1681 1684 1858 1750 Pario
1882 1708 2183 1752 marmore
2199 1685 2609 1751 candidiorem
2635 1706 2662 1747 ι

426 1779 540 1828 ¹³²·
597 1806 813 1851 aurum
852 1786 1071 1870 (enim)
1104 1798 1436 1854 excoctum
1469 1789 1706 1871 fulgore
1745 1789 2026 1873 splendet
2047 1810 2318 1868 summo,
2348 1788 2657 1872 hymnus-

591 1904 716 1969 que
744 1887 1034 1968 praeclare
1060 1895 1374 1970 gestarum
1403 1908 1609 1952 rerum
1651 1887 1900 1971 regibus
1946 1887 2446 1970 sorte-aequalem
2498 1882 2656 1948 facit

589 1984 786 2050 virum
809 2012 827 2049 ε
872 1986 974 2051 ille
999 1988 1158 2052 circa
1186 1988 1606 2055 Acherontem
1645 1989 1928 2052 habitans
1961 2010 2161 2054 meam
2209 1987 2488 2073 linguam
2532 1984 2653 2047 ha·-

396 2136 403 2143 ι
591 2088 732 2151 beto
769 2092 1073 2173 vocalem,
1127 2092 1288 2175 (ibi,)
1312 2089 2000 2177 tridentem-quatientis
2043 2090 2151 2154 ubi
2197 2091 2263 2155 in
2311 2085 2649 2153 certamine

390 2230 485 2293 Ep·
510 2233 561 2279 4.
585 2190 937 2276 gravistrepi
989 2193 1331 2277 (Neptuni)
1393 2195 1598 2271 floruit
1662 2190 2058 2257 Corinthiaco
2101 2192 2264 2277 apio.
2309 2227 2402 2239 -—
2441 2188 2660 2257 Quem

420 2302 530 2347 1⁴4·
588 2291 926 2376 Euphanes
953 2294 1171 2355 lubens
1194 2317 1383 2355 senex
1420 2318 1571 2359 avus
1609 2305 1751 2359 tuus
1780 2292 2030 2374 cecinit,
2067 2289 2397 2376 ojuveniS.
2486 2288 2654 2354 Aliis

587 2395 853 2475 aequales
875 2402 1022 2455 sunt
1038 2392 1158 2455 alii.
1205 2392 1347 2460 Qua
1376 2415 1518 2458 vero
1548 2395 1612 2458 in
1636 2414 1700 2457 re
1731 2395 1869 2477 quis
1889 2391 2023 2477 ipse
2036 2414 2392 2458 successum
2413 2392 2653 2456 habue-

583 2494 682 2573 rit,
714 2515 848 2558 eam
882 2494 1118 2557 videtur
1145 2494 1400 2580 quisque
1430 2494 1823 2604 potissimum
1853 2495 2152 2558 celebrare
2181 2517 2376 2580 posse.
2420 2494 2644 2563 Quan-

586 2610 795 2686 topere
829 2598 1097 2684 (aliquis)
1132 2600 1386 2664 laudans
1427 2600 1753 2665 Melesiam
1803 2600 2262 2664 contentionem
2297 2599 2479 2685 (aliis)
2528 2619 2653 2661 ex-

585 2702 757 2783 citet,
786 2703 967 2768 verba
994 2704 1243 2768 texens!
1292 2705 1560 2771 invictus
1585 2706 1671 2776 ‚in
1691 2703 2027 2769 certamine
2057 2706 2096 2748 ²⁸¹¹
2149 2714 2393 2790 superat
2408 2728 2430 2783 3
2480 2702 2656 2766 mol·-

583 2804 669 2870 lia
685 2804 934 2893 quidem
963 2806 1266 2874 meditans
1307 2807 1508 2888 bonis,-
1543 2826 1719 2893 asper
1762 2827 1904 2872 vero
1946 2804 2217 2871 inimicis
2244 2805 2652 2871 animadver—

586 2927 705 2974 eor.

1302 3095 1332 3125 ⁸
1350 3092 1535 3157 ueta.
1556 3112 1604 3146 v.
1626 3094 1737 3147 Not.
