2925 5150
410 739 500 788 Str.
522 745 570 791 3.

453 808 539 856 59.

388 1255 505 1305 Ant.
525 1257 574 1301 3.

460 1325 539 1371 68.

389 2308 485 2355 Str.
513 2312 563 2356 4.

403 2680 505 2729 Ant
525 2684 576 2730 4.

357 3214 495 3280 Epod
512 3222 573 3268 .4.

426 3290 534 3333 106.

584 464 707 571 ⁵⁰.
786 487 795 495 ·
992 454 1011 475 ‘
1403 460 1849 566 PYTHIA.

597 630 1010 697 subindicavit
1036 632 1377 718 praevidens
1407 635 1485 699 ad
1513 635 1882 721 septiportes
1911 632 2162 698 Thebas
2193 633 2353 698 filios
2397 643 2690 700 constan·

597 745 691 798 ter
715 744 998 818 urgentes
1028 737 1285 819 bellum,
1313 777 1404 791 -
1432 759 1627 825 quum
1661 737 1843 822 Argis
1872 736 2095 802 iterum
2123 739 2223 822 (ad
2246 739 2692 822 oppugnandas

596 839 868 922 Thebas)
920 839 1232 907 venissent
1274 842 1578 928 Epigoni.
1667 842 2015 931 Sicnautem
2063 842 2256 908 dixit:
2305 844 2369 908 in
2403 863 2692 928 pugnan-

596 942 762 1008 tibus
792 952 1009 1011 natura
1031 967 1365 1029 generosus
1394 945 1691 1010 elucescit
1707 954 1951 1031 patrum
1977 945 2045 1009 in
2070 945 2220 1012 filiis·
2244 947 2508 1010 animus.
2579 944 2692 1009 In-

598 1054 774 1111 tueor
800 1056 1006 1132 aperte
1035 1049 1403 1111 Alcmanem
1435 1048 1763 1111 draconem
1794 1046 2030 1111 varium
2078 1043 2334 1112 corusco
2380 1049 2448 1112 in
2492 1048 2696 1132 clipeo

598 1157 966 1229 versantem,
1003 1149 1298 1234 (clipeum
1347 1150 1663 1213 maculoso
1715 1149 1979 1212 dracone
2026 1148 2362 1233 insignem)
2419 1147 2690 1235 primum

599 1250 784 1334 (inter
810 1251 1042 1336 primos
1071 1255 1482 1335 pugnantem)
1516 1250 1595 1311 ad
1625 1248 1846 1312 Cadmi
1867 1258 2091 1331 portas.
2136 1287 2228 1299 —-
2271 1252 2383 1329 At,
2403 1250 2680 1314 afflictus

594 1352 780 1437 priori
830 1352 1024 1431 clade,
1055 1373 1227 1416 nunc
1263 1352 1355 1436 (in
1384 1351 1818 1437 Epigonorum
1839 1352 2040 1432 bello)
2089 1352 2395 1416 faustioris
2443 1361 2691 1425 tenetur

594 1454 833 1538 augurii
865 1456 1085 1518 nuntio
1112 1456 1409 1519 Adrastus
1441 1455 1657 1518 heros:
1703 1454 1822 1518 etsi
1845 1454 2187 1520 domestica
2204 1456 2450 1520 adversa
2484 1456 2683 1519 fortu-
2783 1496 2804 1517 .

595 1578 677 1620 na
706 1566 934 1621 utetur.
1021 1557 1207 1621 Solus
1236 1557 1405 1620 enim
1431 1580 1466 1621 e
1495 1556 1860 1622 Danaorum
1913 1559 2212 1641 exercitu,
2243 1558 2546 1622 interfecti
2583 1579 2688 1622 oa-

594 1661 767 1723 sibus
796 1659 1068 1731 collectis
1095 1658 1230 1739 filii,
1261 1658 1609 1743 (AEgialel,)
1643 1660 1903 1724 numine
1931 1660 2190 1724 deorum
2219 1660 2442 1726 redibit
2497 1682 2676 1726 exer-

596 1762 728 1825 citu
757 1783 903 1825 cum
934 1760 1237 1826 incolumi
1262 1797 1352 1811 -—
1380 1762 1457 1826 ad
1505 1761 1771 1827 Abantis
1819 1763 2118 1848 spatiosos
2165 1765 2333 1828 vicos
2389 1765 2674 1848 (Argos).

591 1862 771 1927 Talia
799 1864 1049 1950 quidem
1080 1863 1271 1929 edixit
1295 1864 1728 1950 Amphiarau&
1814 1866 2100 1930 Laetatus
2129 1887 2272 1930 vcro
2288 1877 2351 1929 et
2370 1866 2500 1951 ipse
2521 1867 2674 1931 Alc-

596 1988 845 2032 manem
879 1964 1122 2032 coronis
1149 1977 1295 2053 peto
1326 1990 1707 2054 aspergoque
1753 1969 2027 2052 hymn03
2073 1968 2319 2033 vicinus
2366 1968 2676 2055 siquidem

594 2080 658 2134 et
684 2058 1144 2157 possessionum
1176 2092 1450 2136 mearum
1487 2082 1695 2136 custos
1725 2071 1943 2136 obvius
1973 2083 2069 2137 cst
2099 2074 2300 2136 factus
2330 2074 2511 2136 eunti
2533 2071 2685 2136 mihi

593 2179 668 2242 ad
701 2188 879 2242 terrae
909 2174 1279 2240 umbilicum
1313 2174 1786 2239 celeberrimum
1817 2175 2225 2260 vaticiniaque
2249 2175 2455 2259 attigit
2486 2176 2683 2260 (vita-

595 2281 838 2345 cinatus
862 2278 1017 2343 mibi
1040 2280 1160 2358 est)
1193 2277 1526 2362 congenita
1546 2288 1696 2342 arte.
1726 2315 1815 2326 ——
1861 2277 1964 2343 Tu
1997 2298 2157 2358 vero,
2189 2281 2372 2362 longe
2381 2277 2692 2368 jaculans,

519 2406 534 2423 ·
593 2385 704 2479 qui
731 2381 1628 2472 omnes-recipiens-templum
1664 2383 1905 2446 celebre
1955 2383 2266 2467 gubernas
2298 2381 2597 2466 Pythonis
2620 2383 2690 2446 in

596 2486 881 2565 vallibus,
911 2485 1246 2549 maximam
1280 2484 1527 2569 quidem
1561 2484 1649 2548 lbi
1682 2484 2074 2549 victoriarum
2109 2484 2433 2569 praebuisti
2452 2509 2472 2565 ς
2515 2485 2690 2550 domi

604 2609 749 2658 vero
776 2597 958 2652 antea
986 2587 1644 2671 avidessapprehensam
1669 2587 2047 2674 quinquertii
2073 2587 2390 2653 victoriam
2419 2588 2482 2652 in
2508 2587 2686 2652 festis

605 2694 728 2757 tuis
757 2689 1096 2777 praebuisti‚
1127 2712 1167 2754 o
1194 2712 1325 2755 rex.
1414 2689 1690 2776 Propitio
1712 2700 1943 2778 autem,
1974 2713 2213 2777 precor,
2245 2691 2560 2755 animo—
2578 2691 2691 2755 ad·-

598 2797 827 2882 spicias
859 2795 1000 2875 hoc,
1030 2816 1157 2879 quo
1187 2793 1432 2880 singula
1464 2795 1582 2859 ista
1611 2816 1873 2881 pererr0,
1892 2815 2165 2859 carmen.
2255 2793 2520 2878 Hymno
2545 2795 2693 2879 qui-

595 2901 740 2965 dem
771 2897 1092 2964 dulcisono
1137 2896 1375 2962 Veritas
1406 2900 1629 2964 adstat.
1718 2899 2004 2964 Deorum
2047 2907 2254 2962 autem
2299 2915 2506 2957 curam
2554 2896 2689 2960 im-

596 3004 918 3067 mortalem
970 3021 1240 3085 exposco
1285 3023 1325 3063 o
1370 3001 1710 3081 XenarceS‚
1758 3012 1979 3064 vestrae
2039 3001 2325 3063 fortunae.
2413 2995 2482 3060 Si
2541 2999 2695 3081 quis

595 3107 763 3170 enim
794 3108 960 3170 bona
992 3102 1393 3185 consequitur
1424 3125 1550 3165 non
1582 3125 1730 3167 cum
1766 3124 1997 3186 magno
2029 3104 2262 3180 labore,
2293 3099 2507 3165 multis
2534 3103 2694 3186 qui-

596 3206 741 3269 dem
767 3201 1217 3287 imperitiorum
1264 3201 1505 3267 videtur
1547 3205 1792 3288 sapiens
1834 3206 1939 3268 ille
1981 3241 2071 3252 —
2105 3215 2263 3288 'opes
2307 3203 2696 3289 amplificare

595 3306 991 3372 consiliorum
1042 3304 1394 3388 prudentia.
1484 3306 1827 3373 Enimvero
1861 3329 1984 3372 non
2017 3307 2158 3371 haec
2185 3328 2376 3391 penes
2405 3306 2698 3371 homines

596 3420 765 3490 sunt,
798 3410 904 3472 sed
934 3409 1084 3472 deus
1127 3411 1363 3492 praebet
1382 3432 1402 3488 ;
1450 3412 1599 3475 alias
1642 3412 1833 3476 alium
1866 3433 2112 3476 sursum
2158 3412 2468 3491 attollens,
2495 3411 2700 3475 alium

550 3597 556 3605 Ι
597 3516 809 3579 subter
838 3525 1136 3578 manuum
1170 3514 1614 3584 libramentum
1648 3516 1961 3601 deprimit.
2019 3497 2154 3579 'Tu
2185 3537 2348 3592 vcro,
2374 3525 2437 3577 et
2460 3514 2700 3597 Mega-

398 3832 496 3882 ΕΔΓ.
523 3828 572 3878 5.

420 3900 537 3944 11⁷.

384 4233 498 4281 Ant.
524 4236 569 4278 5.

454 4299 565 4359 126.

598 3617 680 3681 ris
701 3616 1021 3702 reportasti
1045 3616 1363 3681 victoriam
1382 3641 1747 3702 recessuque
1770 3620 1835 3682 in
1863 3616 2276 3696 Marathonia,
2292 3616 2335 3680 J
2343 3616 2702 3700 unonisque

598 3722 664 3786 in
693 3718 1027 3784 certamine
1055 3720 1252 3804 patrio
1284 3720 1550 3785 victoriis
1571 3722 1941 3807 triplicibuS‚
1960 3744 2000 3784 o
2020 3719 2465 3796 Aristomene3‚
2486 3718 2706 3785 vicisti

598 3823 996 3902 fortitudine3
1039 3861 1130 3873 —
1171 3834 1556 3909 quatuorque
1581 3825 1806 3890 irruisti
1831 3823 2172 3910 desuperin
2206 3845 2486 3908 corpora,
2519 3825 2704 3887 mala

597 3926 906 3991 meditans
924 3948 944 4006 3
993 3927 1216 4011 quibus
1248 3948 1448 4010 neque
1479 3928 1712 3991 reditus
1741 3927 1967 4014 pariter
1993 3925 2319 4013 jucundus
2350 3927 2414 3990 in
2437 3923 2704 4008 'Pythiis

595 4028 867 4094 redditus
897 4041 1009 4107 est,
1043 4051 1242 4114 neque
1275 4028 1528 4092 reversis
1551 4029 1714 4115 apud
1740 4039 2000 4093 matrem
2032 4027 2190 4092 risus
2216 4028 2416 4091 dulcis
2446 4027 2704 4090 excita-
2817 4071 2832 4088 .

594 4131 684 4195 vit
707 4132 1044 4216 gaudium3
1091 4131 1197 4195 sed
1229 4153 1337 4216 per
1367 4131 1747 4216 angiportus,
1777 4131 2146 4197 adversarios
2177 4127 2473 4194 subveriti
2492 4132 2705 4216 trepi-

595 4234 767 4313 dant,
798 4235 1146 4298 calamitate
1179 4233 1459 4297 sauciati.
1504 4271 1594 4282 -—
1638 4233 1767 4302 Qui
1801 4256 1942 4300 vero
1973 4235 2162 4298 decus
2190 4231 2436 4315 aliquod
2469 4253 2704 4300 recens

598 4344 810 4410 nactus
842 4346 956 4418 est,
1000 4357 1290 4422 magnam
1323 4339 1403 4400 ob
1436 4335 1792 4400 felicitatem
1830 4339 2024 4432 (quae)
2072 4358 2150 4400 ex
2195 4344 2338 4398 voto
2376 4334 2700 4422 (obtigit‚)
