2925 5150
978 380 1450 448 CARMEN
1495 380 1604 447 lv.
2257 380 2339 454 6⁷

261 562 362 620 tus
408 555 538 619 sole
568 561 722 618 tuns
780 561 949 637 pater
1008 562 1364 618 fovereturz
1408 553 1566 616 mie
1593 551 1854 635 (variatis
1893 548 2085 638 sonis)
2138 553 2336 619 cithat-

252 674 390 720 ram
444 657 726 741 pulsans„
784 674 973 738 saepe,
1025 653 1105 717 ad
1178 654 1300 717 hoc
1360 672 1605 716 carmen
1657 673 1999 733 conversus,
2027 654 2332 738 hymnum

254 765 626 823 cantaturus
672 754 885 818 fuisset
946 753 1327 818 victorialem
1379 792 1468 804 -
1518 752 1812 816 Cleonoeo
1868 775 1946 816 ex
2002 758 2333 823 certamine
2363 758 2454 825 ΕΡ·
2483 767 2563 813 ²⁷·

250 858 498 923 monile
535 857 809 942 (seriem)
849 875 1208 920 coronarum
1242 854 1655 920 deducentem
1689 853 2021 936 insignium
2054 865 2115 917 et
2130 859 2332 939 splen.

250 961 422 1026 didis
467 963 545 1024 ab
590 957 853 1022 Athenis
898 957 1254 1042 Thebisque
1312 957 1784 1043 septiportibus3
1844 957 2336 1041 quandoquidem

242 1059 730 1145 Amphitruonis
756 1054 1054 1122 celebrem
1086 1059 1249 1145 apud
1278 1062 1593 1124 tumulum
1654 1058 1913 1123 Cadmei
1957 1060 2133 1124 illum
2174 1061 2337 1126 haud
2405 1074 2430 1085 ‘

241 1162 430 1227 inviti
464 1160 712 1227 floribus
736 1170 1104 1225 coronarunt
1133 1171 1378 1248 propter
1404 1162 1727 1246 AEginam.
1777 1161 1877 1225 Ad
1907 1161 2139 1226 amicos
2167 1163 2334 1227 enim

245 1267 488 1331 amicus
516 1262 883 1350 profectus
864 1285 930 1327 ιιι
982 1263 1347 1349 hospitalem
1397 1268 1617 1330 urbem
1667 1264 2007 1343 descendit,
2038 1263 2333 1345 Herculis

247 1369 493 1432 beatam
527 1367 606 1430 ad
636 1369 867 1441 aulam,
896 1404 984 1416 —
1013 1388 1157 1435 cum
1189 1389 1315 1454 quo
1364 1368 1516 1433 olim
1544 1365 1795 1454 Trojam
1824 1369 2109 1433 robustus
2142 1368 2329 1431 Tela-
2355 1379 2454 1430 sur.
2482 1389 2542 1433 τε

248 1475 399 1536 ιιιοιι
429 1469 690 1535 vastavit
718 1480 801 1534 et·
835 1469 1128 1557 Meropes
1155 1481 1219 1536 et
1242 1494 1538 1558 magnum
1571 1475 1922 1539 bellatorem
1954 1462 2326 1549 horrendum
2371 1448 2451 1492 4⁰·

248 1574 608 1657 Alcyonen
656 1594 783 1636 non
817 1583 1027 1639 tamen
1072 1575 1424 1661 priusquam
1470 1577 1794 1662 quadrigas
1838 1575 2164 1642 duodecim
2215 1576 2324 1653 he,-

252 1696 513 1760 roesque
558 1676 911 1741 insistentes
940 1678 1606 1761 equorum-domitores
1634 1679 1727 1742 bis
1753 1680 2009 1744 totidem
2040 1698 2190 1743 saxo
2203 1676 2317 1762 (is)

255 1786 616 1860 peremerat.
655 1779 1215 1864 heripertus-belli
1244 1802 1374 1844 esse
1402 1781 1697 1860 videatur,
1725 1802 1854 1845 rem
1884 1774 2048 1846 hanc
2061 1782 2170 1867 qui
2193 1802 2320 1845 non

256 1889 612 1963 assequatur
652 1872 899 1949 ani'rnoe
944 1880 1242 1966 siquidem
1291 1893 1634 1967 patrantem
1690 1886 1819 1968 pati
1869 1884 2052 1948 etiam
2086 1883 2322 1968 aliquid
2381 1918 2386 1931 ·

251 1981 568 2065 convenit.
598 2020 684 2035 —
717 1982 968 2048 Prolixa
996 1992 1207 2048 autem
1238 1985 1441 2071 eloqui
1470 1985 1751 2071 prohibet
1781 2007 1882 2048 me
1908 1987 2010 2049 lex
2031 1986 2322 2070 horaeque
2350 1987 2463 2038 Aut.
2486 1996 2531 2041 2.

249 2092 687 2168 properantes:
735 2087 1078 2172 cupiditate
1125 2094 1334 2151 tamen
1382 2087 1589 2151 trahor
1634 2086 1865 2168 animo,
1894 2087 1958 2150 in
2005 2086 2322 2150 novilunio
2369 2055 2452 2102 ⁵3‘

253 2183 567 2270 (sollenni)
603 2187 905 2275 attingere
941 2188 1134 2272 (ista).
1183 2187 1655 2270 Verumtamen,
1680 2190 1796 2255 etsi
1830 2186 2103 2252 medium
2136 2196 2196 2251 te
2226 2196 2321 2250 te-

253 2295 359 2351 net
386 2290 586 2352 altum
620 2290 809 2353 maris
852 2275 1071 2372 laequor
1123 2292 1376 2372 (mens),
1424 2293 1634 2354 resiste
1684 2290 1939 2353 insidiis.
2037 2289 2318 2353 Multum

247 2387 591 2453 videbimur
618 2388 971 2453 adversariis
1000 2389 1333 2473 superiores
1350 2391 1415 2454 in
1444 2392 1589 2454 luce
1617 2390 1896 2455 incedere
1912 2413 1934 2470 3
1979 2391 2184 2455 invide
2203 2415 2318 2457 au-

257 2497 381 2555 tem
407 2490 563 2555 alius
591 2492 729 2575 quis
759 2490 1034 2570 intuens,
1083 2490 1413 2584 consilinm
1463 2492 1647 2557 inane
1695 2493 1760 2559 in
1807 2494 2074 2558 tenebris
2124 2495 2320 2558 volvit

262 2593 537 2657 -irrite-
508 2594 632 2657 -in·
604 2603 891 2658 --temm
895 2592 1140 2658 cadens.
1211 2593 1379 2658 Mihi
1404 2613 1550 2659 vero
1591 2617 1774 2681 quam
1822 2597 2108 2664 virtutem
2140 2597 2318 2662 dedit
2337 2597 2445 2658 ¹3⁹0
2446 2598 2493 2648 d·
2517 2602 2571 2650 2·

262 2693 537 2759 Fortuna
561 2696 781 2779 regina,
812 2696 970 2760 bene
996 2696 1124 2759 scio
1151 2705 1399 2779 tempus
1423 2696 1749 2780 insequens
1778 2717 1933 2776 esse,
1976 2699 2180 2781 quoad
2204 2717 2320 2781 per
2366 2663 2449 2711 ⁶⁶

256 2799 454 2862 satum
487 2796 715 2878 licebit,
745 2806 1151 2863 servaturum.
1198 2794 1503 2877 contexe,
1525 2819 1564 2858 o
1585 2798 1806 2877 dulcis,
1825 2799 2012 2860 etiam
2041 2794 2163 2861 hoc
2187 2807 2322 2860 sta·-

249 2901 389 2983 tim,
424 2900 681 2981 cithara,
710 2901 970 2987 Lydiam
1003 2900 1081 2965 ad
1110 2897 1494 2965 harmoniam
1525 2919 1776 2964 carmen
1805 2907 2051 2982 gratum
2101 2898 2318 2962 OEno-

248 3025 472 3090 naeqne
520 3011 585 3067 et
629 3002 858 3090 Cypro,
922 3004 1029 3068 ubi
1089 3003 1332 3066 Teucer
1392 3010 1609 3106 regnat
1656 3000 2160 3065 Telamoniades·
2141 3047 2163 3080 ,
2208 3001 2315 3065 sed

247 3106 405 3193 Ajax
438 3107 822 3173 Salaminem
842 3117 1009 3173 tenet
1027 3108 1324 3194 patriam·
1304 3152 1326 3184 ,
1351 3144 1423 3152 ——
1447 3104 1634 3191 inque
1653 3105 1805 3169 mari
1833 3102 2084 3167 Euxino
2099 3105 2310 3188 splen·
2334 3133 2432 3187 s...
2454 3141 2504 3189 ³

246 3208 452 3273 didam
472 3209 751 3284 Achilles
770 3209 1073 3275 insulam·
1054 3256 1076 3290 ‚
1120 3207 1459 3293 Thetisque
1478 3209 1827 3275 dominatur
1846 3208 2114 3291 Phthiae,
2134 3209 2307 3273 Neo·
2365 3202 2448 3254 ⁷9·
2551 3215 2564 3230 '

253 3313 677 3395 ptolemusque
724 3311 791 3375 in
841 3311 1038 3397 Epiro
1084 3313 1205 3375 late
1255 3319 1563 3395 protenta,
1614 3314 1831 3376 boves-
1806 3324 2153 3397 -pascentes
2199 3312 2310 3378 ubi

253 3423 490 3477 montes
519 3412 736 3476 eximii
764 3414 953 3499 positi
980 3422 1147 3493 sunt,
1195 3434 1234 3477 a
1276 3413 1549 3478 Dodona
1593 3414 1976 3514 incipientes,
2018 3415 2095 3480 ad
2142 3438 2310 3481 mare
2349 3445 2356 3450 ·

252 3511 519 3580 lonium.
596 3515 754 3580 Pelii
802 3526 1009 3582 autem
1070 3516 1147 3581 ad
1194 3514 1452 3596 radiceS,
1504 3518 1598 3580 in·
1608 3516 1995 3582 servitutem·
1998 3519 2310 3584 redactam

247 3620 499 3686 Iolcum
533 3617 743 3684 hostili
769 3641 959 3684 manu
989 3641 1309 3705 aggressus
1340 3618 1560 3684 Peleus
1591 3619 1840 3683 tradidit
1869 3619 2310 3698 Haemonibu8‚

237 3722 736 3808 -Hippolytae3
794 3722 1012 3788 Acasti
1069 3722 1325 3810 uxoris,
1350 3722 1575 3787 dolosis
1627 3722 1860 3787 artibus
1925 3724 2309 3809 illaqueatus·
2337 3722 2453 3835 Agg-
2479 3727 2527 3773 ³·

237 3824 493 3891 Daedali
522 3833 738 3888 autem
769 3823 975 3908 gladio
1007 3824 1395 3889 machinatus
1424 3832 1521 3888 est
1547 3822 1604 3888 ei
1636 3833 1900 3901 mortem
1923 3849 2033 3911 per
2061 3827 2314 3890 insidias
2436 3821 2452 3839 ⁹

235 3925 436 3996 Peliae
466 3927 637 3992 filius
673 3928 1040 4010 (Acastus):
1086 3923 1322 4010 depulit
1349 3934 1558 3989 tamen
1607 3936 1672 3990 et
1717 3948 1757 3989 a
1799 3926 1958 3992 Jove
2010 3927 2316 3991 constitu-

233 4037 376 4094 tum
407 4029 610 4096 fatum
643 4027 725 4092 ad
748 4036 1041 4093 eventum
1087 4026 1372 4112 perduxit
1423 4027 1678 4091 Chiron.
1750 4027 1974 4112 Ignem
2027 4045 2169 4089 vero
2215 4027 2319 4091 ille

233 4131 875 4209 omnia-vincentem,
897 4127 1323 4215 ferociumque
1353 4131 1608 4194 leonum
1641 4148 1884 4211 ungues
1904 4124 2315 4208 acutissimos,

2563 4155 2586 4180 .

234 4234 560 4322 aciemque
585 4230 1044 4302 horrendorum
1076 4251 1224 4296 cum
1273 4231 1668 4298 sustinuisset
1696 4226 2004 4304 dentium,
2026 4262 2116 4274 -·
2141 4224 2323 4297 duxit
2344 4194 2529 4313 ⁸1⁹6ss
