<?xml version="1.0" encoding="UTF-8"?>
<!DOCTYPE html PUBLIC "-//W3C//DTD XHTML 1.0 Transitional//EN"
    "http://www.w3.org/TR/xhtml1/DTD/xhtml1-transitional.dtd">
<html xmlns="http://www.w3.org/1999/xhtml" xml:lang="en" lang="en">
 <head>
  <title>
</title>
<meta http-equiv="Content-Type" content="text/html;charset=utf-8" />
  <meta name='ocr-system' content='tesseract 3.04.00' />
  <meta name='ocr-capabilities' content='ocr_page ocr_carea ocr_par ocr_line ocrx_word'/>
</head>
<body>
  <div class='ocr_page' id='page_1' title='image "./pindaricarmina00unkngoog_0044.png"; bbox 0 0 2925 5150; ppageno 0'>
   <div class='ocr_carea' id='block_1_1' title="bbox 600 428 1864 561">
    <p class='ocr_par' dir='ltr' id='par_1_1' title="bbox 600 428 1864 561">
     <span class='ocr_line' id='line_1_1' title="bbox 600 428 1864 561; baseline 0.007 -17"><span class='ocrx_word' id='word_1_1' title='bbox 600 428 747 544; x_wconf 33' lang='lat' dir='ltr'><strong>ss‘</strong></span> <span class='ocrx_word' id='word_1_2' title='bbox 1418 483 1864 561; x_wconf 72' lang='grc' dir='ltr'><strong>Ρ-ΥΊἫΙΑ.</strong></span> 
     </span>
    </p>
   </div>
   <div class='ocr_carea' id='block_1_2' title="bbox 367 650 2698 4458">
    <p class='ocr_par' dir='ltr' id='par_1_2' title="bbox 367 650 2698 4458">
     <span class='ocr_line' id='line_1_2' title="bbox 600 650 2696 744; baseline 0 -26"><span class='ocrx_word' id='word_1_3' title='bbox 600 652 831 720; x_wconf 71' lang='lat' dir='ltr'><strong>amavit</strong></span> <span class='ocrx_word' id='word_1_4' title='bbox 859 650 1173 737; x_wconf 76' lang='lat' dir='ltr'><strong>absentia3</strong></span> <span class='ocrx_word' id='word_1_5' title='bbox 1217 658 1745 744; x_wconf 71' lang='lat' dir='ltr'>quemadmodum</span> <span class='ocrx_word' id='word_1_6' title='bbox 1773 660 1962 729; x_wconf 75' lang='lat' dir='ltr'><strong>etiam</strong></span> <span class='ocrx_word' id='word_1_7' title='bbox 2008 659 2182 744; x_wconf 69' lang='lat' dir='ltr'><strong>(alli)</strong></span> <span class='ocrx_word' id='word_1_8' title='bbox 2229 658 2418 727; x_wconf 61' lang='lat' dir='ltr'><strong>muln</strong></span> <span class='ocrx_word' id='word_1_9' title='bbox 2453 652 2696 722; x_wconf 66' lang='lat' dir='ltr'><strong>adrecti-</strong></span> 
     </span>
     <span class='ocr_line' id='line_1_3' title="bbox 598 758 2698 848; baseline 0.001 -27"><span class='ocrx_word' id='word_1_10' title='bbox 598 776 733 821; x_wconf 80' lang='lat' dir='ltr'><strong>esse</strong></span> <span class='ocrx_word' id='word_1_11' title='bbox 761 761 983 826; x_wconf 86' lang='lat' dir='ltr'><strong>solent.</strong></span> <span class='ocrx_word' id='word_1_12' title='bbox 1067 758 1188 826; x_wconf 85' lang='lat' dir='ltr'><strong>Est</strong></span> <span class='ocrx_word' id='word_1_13' title='bbox 1240 761 1536 829; x_wconf 85' lang='lat' dir='ltr'><strong>nimirum</strong></span> <span class='ocrx_word' id='word_1_14' title='bbox 1577 784 1777 848; x_wconf 82' lang='lat' dir='ltr'><strong>genus</strong></span> <span class='ocrx_word' id='word_1_15' title='bbox 1801 763 2135 832; x_wconf 73' lang='lat' dir='ltr'><strong>hominum</strong></span> <span class='ocrx_word' id='word_1_16' title='bbox 2187 758 2698 835; x_wconf 66' lang='lat' dir='ltr'><strong>stolidissimum,</strong></span> 
     </span>
     <span class='ocr_line' id='line_1_4' title="bbox 599 858 2678 977; baseline 0.001 -51"><span class='ocrx_word' id='word_1_17' title='bbox 599 862 705 946; x_wconf 87' lang='lat' dir='ltr'><strong>qui</strong></span> <span class='ocrx_word' id='word_1_18' title='bbox 738 866 1030 977; x_wconf 85' lang='lat' dir='ltr'><strong>(qnorum</strong></span> <span class='ocrx_word' id='word_1_19' title='bbox 1061 864 1347 950; x_wconf 78' lang='lat' dir='ltr'><strong>quisque)</strong></span> <span class='ocrx_word' id='word_1_20' title='bbox 1374 874 1847 933; x_wconf 68' lang='lat' dir='ltr'><strong>contemnentes</strong></span> <span class='ocrx_word' id='word_1_21' title='bbox 1876 866 2206 954; x_wconf 69' lang='lat' dir='ltr'><strong>proeoeutia</strong></span> <span class='ocrx_word' id='word_1_22' title='bbox 2245 858 2678 948; x_wconf 70' lang='lat' dir='ltr'><strong>circumspici-</strong></span> 
     </span>
     <span class='ocr_line' id='line_1_5' title="bbox 397 962 2677 1057; baseline -0 -29"><span class='ocrx_word' id='word_1_23' title='bbox 397 962 492 1009; x_wconf 77' lang='lat'><strong>8¹·</strong></span> <span class='ocrx_word' id='word_1_24' title='bbox 525 965 574 1011; x_wconf 72' lang='lat'><strong>⁹·</strong></span> <span class='ocrx_word' id='word_1_25' title='bbox 602 974 714 1029; x_wconf 90' lang='lat' dir='ltr'><strong>unt</strong></span> <span class='ocrx_word' id='word_1_26' title='bbox 742 968 999 1048; x_wconf 88' lang='lat' dir='ltr'><strong>remota,</strong></span> <span class='ocrx_word' id='word_1_27' title='bbox 1029 987 1185 1032; x_wconf 81' lang='lat' dir='ltr'><strong>vana</strong></span> <span class='ocrx_word' id='word_1_28' title='bbox 1213 977 1648 1033; x_wconf 83' lang='lat' dir='ltr'><strong>consectantes</strong></span> <span class='ocrx_word' id='word_1_29' title='bbox 1692 968 1860 1035; x_wconf 69' lang='lat' dir='ltr'><strong>irrita</strong></span> <span class='ocrx_word' id='word_1_30' title='bbox 1897 988 2031 1057; x_wconf 79' lang='lat' dir='ltr'><strong>spe.</strong></span> <span class='ocrx_word' id='word_1_31' title='bbox 2058 1007 2151 1023; x_wconf 89' lang='lat'><strong>--</strong></span> <span class='ocrx_word' id='word_1_32' title='bbox 2177 964 2512 1033; x_wconf 70' lang='lat' dir='ltr'><strong>Contraxit</strong></span> <span class='ocrx_word' id='word_1_33' title='bbox 2555 962 2677 1028; x_wconf 84' lang='lat' dir='ltr'><strong>hu·</strong></span> 
     </span>
     <span class='ocr_line' id='line_1_6' title="bbox 459 1028 2690 1156; baseline 0.001 -27"><span class='ocrx_word' id='word_1_34' title='bbox 459 1028 542 1076; x_wconf 65' lang='lat'><strong>⁴²</strong></span> <span class='ocrx_word' id='word_1_35' title='bbox 588 1063 863 1150; x_wconf 84' lang='lat' dir='ltr'><strong>jusmodi</strong></span> <span class='ocrx_word' id='word_1_36' title='bbox 892 1092 1187 1155; x_wconf 86' lang='lat' dir='ltr'><strong>magnam</strong></span> <span class='ocrx_word' id='word_1_37' title='bbox 1217 1072 1468 1156; x_wconf 79' lang='lat' dir='ltr'><strong>culpam</strong></span> <span class='ocrx_word' id='word_1_38' title='bbox 1500 1074 1713 1156; x_wconf 90' lang='lat' dir='ltr'><strong>pulcre</strong></span> <span class='ocrx_word' id='word_1_39' title='bbox 1717 1071 1989 1139; x_wconf 77' lang='lat' dir='ltr'><strong>-vestitae</strong></span> <span class='ocrx_word' id='word_1_40' title='bbox 2035 1070 2284 1136; x_wconf 80' lang='lat' dir='ltr'><strong>animus</strong></span> <span class='ocrx_word' id='word_1_41' title='bbox 2334 1062 2690 1134; x_wconf 71' lang='lat' dir='ltr'><strong>Cor-onidis-</strong></span> 
     </span>
     <span class='ocr_line' id='line_1_7' title="bbox 597 1166 2694 1261; baseline 0.002 -30"><span class='ocrx_word' id='word_1_42' title='bbox 597 1166 919 1236; x_wconf 86' lang='lat' dir='ltr'><strong>Venientis</strong></span> <span class='ocrx_word' id='word_1_43' title='bbox 947 1172 1114 1238; x_wconf 87' lang='lat' dir='ltr'><strong>enim</strong></span> <span class='ocrx_word' id='word_1_44' title='bbox 1148 1195 1226 1238; x_wconf 86' lang='lat' dir='ltr'><strong>ex</strong></span> <span class='ocrx_word' id='word_1_45' title='bbox 1254 1173 1521 1239; x_wconf 83' lang='lat' dir='ltr'><strong>Arcadia</strong></span> <span class='ocrx_word' id='word_1_46' title='bbox 1547 1174 1804 1261; x_wconf 83' lang='lat' dir='ltr'><strong>hospitis</strong></span> <span class='ocrx_word' id='word_1_47' title='bbox 1832 1177 1900 1241; x_wconf 85' lang='lat' dir='ltr'><strong>in</strong></span> <span class='ocrx_word' id='word_1_48' title='bbox 1927 1177 2094 1240; x_wconf 89' lang='lat' dir='ltr'><strong>lecto</strong></span> <span class='ocrx_word' id='word_1_49' title='bbox 2107 1170 2469 1240; x_wconf 72' lang='lat' dir='ltr'><strong>concubuit.</strong></span> <span class='ocrx_word' id='word_1_50' title='bbox 2523 1168 2694 1235; x_wconf 76' lang='lat' dir='ltr'><strong>Non·</strong></span> 
     </span>
     <span class='ocr_line' id='line_1_8' title="bbox 597 1273 2684 1363; baseline 0.002 -29"><span class='ocrx_word' id='word_1_51' title='bbox 597 1280 803 1337; x_wconf 85' lang='lat' dir='ltr'><strong>autem</strong></span> <span class='ocrx_word' id='word_1_52' title='bbox 831 1273 1015 1339; x_wconf 86' lang='lat' dir='ltr'><strong>latuit</strong></span> <span class='ocrx_word' id='word_1_53' title='bbox 1042 1277 1522 1360; x_wconf 77' lang='lat' dir='ltr'><strong>speculatorem.</strong></span> <span class='ocrx_word' id='word_1_54' title='bbox 1608 1276 1685 1342; x_wconf 90' lang='lat' dir='ltr'><strong>In</strong></span> <span class='ocrx_word' id='word_1_55' title='bbox 1714 1277 2221 1363; x_wconf 68' lang='lat' dir='ltr'><strong>Pythone-enim,</strong></span> <span class='ocrx_word' id='word_1_56' title='bbox 2249 1275 2684 1341; x_wconf 71' lang='lat' dir='ltr'><strong>ovium-moc-</strong></span> 
     </span>
     <span class='ocr_line' id='line_1_9' title="bbox 595 1378 2681 1468; baseline -0.002 -26"><span class='ocrx_word' id='word_1_57' title='bbox 595 1378 1249 1464; x_wconf 84' lang='lat' dir='ltr'><strong>tatarum-receptrice,</strong></span> <span class='ocrx_word' id='word_1_58' title='bbox 1278 1379 1421 1444; x_wconf 84' lang='lat' dir='ltr'><strong>haec</strong></span> <span class='ocrx_word' id='word_1_59' title='bbox 1436 1378 1632 1445; x_wconf 87' lang='lat' dir='ltr'><strong>sensit</strong></span> <span class='ocrx_word' id='word_1_60' title='bbox 1648 1381 1865 1468; x_wconf 87' lang='lat' dir='ltr'><strong>templi</strong></span> <span class='ocrx_word' id='word_1_61' title='bbox 1895 1402 2005 1447; x_wconf 79' lang='lat' dir='ltr'><strong>rex</strong></span> <span class='ocrx_word' id='word_1_62' title='bbox 2047 1380 2280 1446; x_wconf 69' lang='lat' dir='ltr'><strong>laxi-n</strong></span> <span class='ocrx_word' id='word_1_63' title='bbox 2307 1380 2390 1445; x_wconf 78' lang='lat' dir='ltr'><strong>ab</strong></span> <span class='ocrx_word' id='word_1_64' title='bbox 2420 1394 2681 1442; x_wconf 72' lang='lat' dir='ltr'><strong>arenno-</strong></span> 
     </span>
     <span class='ocr_line' id='line_1_10' title="bbox 595 1482 2674 1569; baseline 0.001 -24"><span class='ocrx_word' id='word_1_65' title='bbox 595 1503 732 1546; x_wconf 89' lang='lat' dir='ltr'><strong>rum</strong></span> <span class='ocrx_word' id='word_1_66' title='bbox 766 1483 1016 1546; x_wconf 88' lang='lat' dir='ltr'><strong>conscio</strong></span> <span class='ocrx_word' id='word_1_67' title='bbox 1046 1482 1460 1569; x_wconf 83' lang='lat' dir='ltr'><strong>integerrimo,</strong></span> <span class='ocrx_word' id='word_1_68' title='bbox 1492 1482 1556 1548; x_wconf 91' lang='lat' dir='ltr'><strong>in</strong></span> <span class='ocrx_word' id='word_1_69' title='bbox 1588 1495 1868 1552; x_wconf 81' lang='lat' dir='ltr'><strong>mentem</strong></span> <span class='ocrx_word' id='word_1_70' title='bbox 1899 1485 2049 1568; x_wconf 83' lang='lat' dir='ltr'><strong>(sibl</strong></span> <span class='ocrx_word' id='word_1_71' title='bbox 2065 1484 2162 1567; x_wconf 85' lang='lat' dir='ltr'><strong>id)</strong></span> <span class='ocrx_word' id='word_1_72' title='bbox 2182 1482 2502 1559; x_wconf 75' lang='lat' dir='ltr'><strong>inducens,</strong></span> <span class='ocrx_word' id='word_1_73' title='bbox 2527 1496 2674 1542; x_wconf 79' lang='lat' dir='ltr'><strong>om·</strong></span> 
     </span>
     <span class='ocr_line' id='line_1_11' title="bbox 600 1584 2688 1672; baseline 0.003 -25"><span class='ocrx_word' id='word_1_74' title='bbox 600 1584 701 1647; x_wconf 89' lang='lat' dir='ltr'><strong>nia</strong></span> <span class='ocrx_word' id='word_1_75' title='bbox 729 1584 945 1649; x_wconf 83' lang='lat' dir='ltr'><strong>scienti</strong></span> <span class='ocrx_word' id='word_1_76' title='bbox 974 1586 1205 1650; x_wconf 85' lang='lat' dir='ltr'><strong>animo.</strong></span> <span class='ocrx_word' id='word_1_77' title='bbox 1293 1586 1464 1651; x_wconf 89' lang='lat' dir='ltr'><strong>Nam</strong></span> <span class='ocrx_word' id='word_1_78' title='bbox 1489 1589 1642 1653; x_wconf 82' lang='lat' dir='ltr'><strong>falsa</strong></span> <span class='ocrx_word' id='word_1_79' title='bbox 1672 1610 1799 1654; x_wconf 90' lang='lat' dir='ltr'><strong>non</strong></span> <span class='ocrx_word' id='word_1_80' title='bbox 1841 1589 2142 1669; x_wconf 89' lang='lat' dir='ltr'><strong>admittit,</strong></span> <span class='ocrx_word' id='word_1_81' title='bbox 2191 1587 2479 1672; x_wconf 67' lang='lat' dir='ltr'><strong>fallitque</strong></span> <span class='ocrx_word' id='word_1_82' title='bbox 2521 1601 2688 1647; x_wconf 76' lang='lat' dir='ltr'><strong>eum·</strong></span> 
     </span>
     <span class='ocr_line' id='line_1_12' title="bbox 374 1685 2680 1757; baseline 0.001 -8"><span class='ocrx_word' id='word_1_83' title='bbox 374 1700 470 1749; x_wconf 74' lang='lat' dir='ltr'><strong>Am</strong></span> <span class='ocrx_word' id='word_1_84' title='bbox 481 1705 573 1750; x_wconf 76' lang='lat'><strong>.2.</strong></span> <span class='ocrx_word' id='word_1_85' title='bbox 599 1707 712 1750; x_wconf 88' lang='lat' dir='ltr'><strong>nec</strong></span> <span class='ocrx_word' id='word_1_86' title='bbox 741 1685 890 1750; x_wconf 91' lang='lat' dir='ltr'><strong>deus</strong></span> <span class='ocrx_word' id='word_1_87' title='bbox 923 1708 1038 1752; x_wconf 91' lang='lat' dir='ltr'><strong>nec</strong></span> <span class='ocrx_word' id='word_1_88' title='bbox 1068 1687 1257 1753; x_wconf 86' lang='lat' dir='ltr'><strong>homo</strong></span> <span class='ocrx_word' id='word_1_89' title='bbox 1286 1709 1402 1752; x_wconf 90' lang='lat' dir='ltr'><strong>nec</strong></span> <span class='ocrx_word' id='word_1_90' title='bbox 1432 1690 1615 1754; x_wconf 77' lang='lat' dir='ltr'><strong>factis</strong></span> <span class='ocrx_word' id='word_1_91' title='bbox 1648 1712 1765 1756; x_wconf 87' lang='lat' dir='ltr'><strong>nec</strong></span> <span class='ocrx_word' id='word_1_92' title='bbox 1793 1692 2089 1757; x_wconf 80' lang='lat' dir='ltr'><strong>consiliis.</strong></span> <span class='ocrx_word' id='word_1_93' title='bbox 2130 1728 2224 1743; x_wconf 87' lang='lat'><strong>--</strong></span> <span class='ocrx_word' id='word_1_94' title='bbox 2270 1688 2486 1754; x_wconf 65' lang='lat' dir='ltr'><strong>Etiam</strong></span> <span class='ocrx_word' id='word_1_95' title='bbox 2521 1696 2680 1751; x_wconf 76' lang='lat' dir='ltr'><strong>tnnc</strong></span> 
     </span>
     <span class='ocr_line' id='line_1_13' title="bbox 459 1768 2676 1879; baseline -0.001 -25"><span class='ocrx_word' id='word_1_96' title='bbox 459 1768 538 1813; x_wconf 78' lang='lat'><strong>⁵⁵·</strong></span> <span class='ocrx_word' id='word_1_97' title='bbox 592 1788 865 1856; x_wconf 80' lang='lat' dir='ltr'><strong>sentiens</strong></span> <span class='ocrx_word' id='word_1_98' title='bbox 893 1789 1131 1876; x_wconf 86' lang='lat' dir='ltr'><strong>lschyis</strong></span> <span class='ocrx_word' id='word_1_99' title='bbox 1164 1790 1456 1872; x_wconf 82' lang='lat' dir='ltr'><strong>Elatidae,</strong></span> <span class='ocrx_word' id='word_1_100' title='bbox 1488 1792 1598 1879; x_wconf 91' lang='lat' dir='ltr'><strong>qui</strong></span> <span class='ocrx_word' id='word_1_101' title='bbox 1629 1814 1878 1879; x_wconf 83' lang='lat' dir='ltr'>peregre</span> <span class='ocrx_word' id='word_1_102' title='bbox 1901 1794 2248 1873; x_wconf 83' lang='lat' dir='ltr'><strong>advenerat,</strong></span> <span class='ocrx_word' id='word_1_103' title='bbox 2265 1789 2676 1857; x_wconf 78' lang='lat' dir='ltr'><strong>concubitum</strong></span> 
     </span>
     <span class='ocr_line' id='line_1_14' title="bbox 597 1889 2680 1979; baseline -0 -24"><span class='ocrx_word' id='word_1_104' title='bbox 597 1893 1017 1979; x_wconf 79' lang='lat' dir='ltr'><strong>nefariamque</strong></span> <span class='ocrx_word' id='word_1_105' title='bbox 1045 1893 1352 1972; x_wconf 74' lang='lat' dir='ltr'><strong>fraudem,</strong></span> <span class='ocrx_word' id='word_1_106' title='bbox 1385 1894 1555 1959; x_wconf 88' lang='lat' dir='ltr'><strong>misit</strong></span> <span class='ocrx_word' id='word_1_107' title='bbox 1583 1916 1876 1977; x_wconf 87' lang='lat' dir='ltr'><strong>sororem,</strong></span> <span class='ocrx_word' id='word_1_108' title='bbox 1908 1897 1996 1961; x_wconf 88' lang='lat' dir='ltr'><strong>ira</strong></span> <span class='ocrx_word' id='word_1_109' title='bbox 2053 1898 2359 1961; x_wconf 85' lang='lat' dir='ltr'><strong>furentem</strong></span> <span class='ocrx_word' id='word_1_110' title='bbox 2408 1889 2680 1976; x_wconf 78' lang='lat' dir='ltr'><strong>ingenti,</strong></span> 
     </span>
     <span class='ocr_line' id='line_1_15' title="bbox 590 1992 2677 2086; baseline -0.001 -27"><span class='ocrx_word' id='word_1_111' title='bbox 590 1995 937 2063; x_wconf 87' lang='lat' dir='ltr'><strong>Laceriam.</strong></span> <span class='ocrx_word' id='word_1_112' title='bbox 1023 1996 1193 2061; x_wconf 73' lang='lat' dir='ltr'><strong>Nam</strong></span> <span class='ocrx_word' id='word_1_113' title='bbox 1225 1997 1301 2061; x_wconf 86' lang='lat' dir='ltr'><strong>ad</strong></span> <span class='ocrx_word' id='word_1_114' title='bbox 1331 1997 1654 2063; x_wconf 83' lang='lat' dir='ltr'><strong>Boebiadis</strong></span> <span class='ocrx_word' id='word_1_115' title='bbox 1686 2000 1991 2086; x_wconf 86' lang='lat' dir='ltr'><strong>(paludis)</strong></span> <span class='ocrx_word' id='word_1_116' title='bbox 2021 1999 2184 2085; x_wconf 87' lang='lat' dir='ltr'><strong>ripas</strong></span> <span class='ocrx_word' id='word_1_117' title='bbox 2209 1995 2529 2062; x_wconf 76' lang='lat' dir='ltr'><strong>habitabat</strong></span> <span class='ocrx_word' id='word_1_118' title='bbox 2547 1992 2677 2057; x_wconf 82' lang='lat' dir='ltr'><strong>vir·</strong></span> 
     </span>
     <span class='ocr_line' id='line_1_16' title="bbox 591 2095 2672 2186; baseline -0.002 -24"><span class='ocrx_word' id='word_1_119' title='bbox 591 2119 696 2183; x_wconf 77' lang='lat' dir='ltr'><strong>go·</strong></span> <span class='ocrx_word' id='word_1_120' title='bbox 783 2098 1008 2164; x_wconf 88' lang='lat' dir='ltr'><strong>Fatum</strong></span> <span class='ocrx_word' id='word_1_121' title='bbox 1041 2111 1250 2165; x_wconf 86' lang='lat' dir='ltr'><strong>autem</strong></span> <span class='ocrx_word' id='word_1_122' title='bbox 1299 2099 1622 2182; x_wconf 87' lang='lat' dir='ltr'><strong>infestum,</strong></span> <span class='ocrx_word' id='word_1_123' title='bbox 1652 2100 1730 2166; x_wconf 90' lang='lat' dir='ltr'><strong>ad</strong></span> <span class='ocrx_word' id='word_1_124' title='bbox 1755 2102 1989 2166; x_wconf 86' lang='lat' dir='ltr'><strong>malum</strong></span> <span class='ocrx_word' id='word_1_125' title='bbox 2021 2100 2190 2186; x_wconf 89' lang='lat' dir='ltr'><strong>quod</strong></span> <span class='ocrx_word' id='word_1_126' title='bbox 2219 2103 2418 2181; x_wconf 87' lang='lat' dir='ltr'><strong>(eam)</strong></span> <span class='ocrx_word' id='word_1_127' title='bbox 2459 2095 2672 2179; x_wconf 82' lang='lat' dir='ltr'><strong>impu-</strong></span> 
     </span>
     <span class='ocr_line' id='line_1_17' title="bbox 591 2197 2684 2287; baseline -0.001 -24"><span class='ocrx_word' id='word_1_128' title='bbox 591 2202 765 2279; x_wconf 85' lang='lat' dir='ltr'><strong>lerat,</strong></span> <span class='ocrx_word' id='word_1_129' title='bbox 796 2201 1060 2287; x_wconf 80' lang='lat' dir='ltr'><strong>perdidit</strong></span> <span class='ocrx_word' id='word_1_130' title='bbox 1088 2223 1250 2268; x_wconf 86' lang='lat' dir='ltr'><strong>eam.</strong></span> <span class='ocrx_word' id='word_1_131' title='bbox 1334 2201 1426 2267; x_wconf 85' lang='lat' dir='ltr'><strong>Et</strong></span> <span class='ocrx_word' id='word_1_132' title='bbox 1454 2203 1797 2269; x_wconf 84' lang='lat' dir='ltr'><strong>vicinorum</strong></span> <span class='ocrx_word' id='word_1_133' title='bbox 1829 2203 2009 2267; x_wconf 88' lang='lat' dir='ltr'><strong>multi</strong></span> <span class='ocrx_word' id='word_1_134' title='bbox 2039 2202 2106 2268; x_wconf 92' lang='lat' dir='ltr'><strong>in</strong></span> <span class='ocrx_word' id='word_1_135' title='bbox 2136 2202 2491 2269; x_wconf 81' lang='lat' dir='ltr'><strong>societatem</strong></span> <span class='ocrx_word' id='word_1_136' title='bbox 2523 2197 2684 2262; x_wconf 69' lang='lat' dir='ltr'><strong>mali</strong></span> 
     </span>
     <span class='ocr_line' id='line_1_18' title="bbox 592 2303 2676 2392; baseline -0.002 -23"><span class='ocrx_word' id='word_1_137' title='bbox 592 2315 917 2371; x_wconf 82' lang='lat' dir='ltr'><strong>venerunt.</strong></span> <span class='ocrx_word' id='word_1_138' title='bbox 1004 2304 1176 2370; x_wconf 90' lang='lat' dir='ltr'><strong>Nam</strong></span> <span class='ocrx_word' id='word_1_139' title='bbox 1226 2305 1409 2368; x_wconf 87' lang='lat' dir='ltr'><strong>simul</strong></span> <span class='ocrx_word' id='word_1_140' title='bbox 1461 2305 1821 2391; x_wconf 81' lang='lat' dir='ltr'><strong>perierunt3</strong></span> <span class='ocrx_word' id='word_1_141' title='bbox 1889 2318 2303 2392; x_wconf 82' lang='lat' dir='ltr'><strong>magnamque</strong></span> <span class='ocrx_word' id='word_1_142' title='bbox 2355 2303 2422 2369; x_wconf 92' lang='lat' dir='ltr'><strong>in</strong></span> <span class='ocrx_word' id='word_1_143' title='bbox 2453 2308 2676 2369; x_wconf 80' lang='lat' dir='ltr'><strong>monte</strong></span> 
     </span>
     <span class='ocr_line' id='line_1_19' title="bbox 400 2402 2676 2494; baseline 0.001 -25"><span class='ocrx_word' id='word_1_144' title='bbox 400 2414 497 2477; x_wconf 69' lang='lat' dir='ltr'><strong>Ep·</strong></span> <span class='ocrx_word' id='word_1_145' title='bbox 518 2418 572 2465; x_wconf 95' lang='grc'><strong>2.</strong></span> <span class='ocrx_word' id='word_1_146' title='bbox 592 2406 753 2490; x_wconf 85' lang='lat' dir='ltr'><strong>ignis</strong></span> <span class='ocrx_word' id='word_1_147' title='bbox 782 2428 862 2470; x_wconf 83' lang='lat' dir='ltr'><strong>ex</strong></span> <span class='ocrx_word' id='word_1_148' title='bbox 909 2428 1035 2471; x_wconf 88' lang='lat' dir='ltr'><strong>uno</strong></span> <span class='ocrx_word' id='word_1_149' title='bbox 1080 2406 1317 2473; x_wconf 87' lang='lat' dir='ltr'><strong>semine</strong></span> <span class='ocrx_word' id='word_1_150' title='bbox 1372 2407 1608 2474; x_wconf 86' lang='lat' dir='ltr'><strong>irruens</strong></span> <span class='ocrx_word' id='word_1_151' title='bbox 1653 2410 1916 2476; x_wconf 85' lang='lat' dir='ltr'><strong>vastavit</strong></span> <span class='ocrx_word' id='word_1_152' title='bbox 1966 2409 2206 2475; x_wconf 82' lang='lat' dir='ltr'><strong>silvam.</strong></span> <span class='ocrx_word' id='word_1_153' title='bbox 2246 2445 2340 2460; x_wconf 90' lang='lat'><strong>—</strong></span> <span class='ocrx_word' id='word_1_154' title='bbox 2378 2402 2676 2494; x_wconf 83' lang='lat' dir='ltr'><strong>Atpost-</strong></span> 
     </span>
     <span class='ocr_line' id='line_1_20' title="bbox 522 2509 2681 2600; baseline 0.001 -29.098"><span class='ocrx_word' id='word_1_155' title='bbox 522 2516 776 2595; x_wconf 88' lang='lat' dir='ltr'><strong>quam</strong></span> <span class='ocrx_word' id='word_1_156' title='bbox 802 2521 971 2574; x_wconf 82' lang='lat' dir='ltr'><strong>strue</strong></span> <span class='ocrx_word' id='word_1_157' title='bbox 999 2509 1066 2574; x_wconf 90' lang='lat' dir='ltr'><strong>in</strong></span> <span class='ocrx_word' id='word_1_158' title='bbox 1095 2510 1300 2595; x_wconf 85' lang='lat' dir='ltr'><strong>lignea</strong></span> <span class='ocrx_word' id='word_1_159' title='bbox 1327 2511 1708 2578; x_wconf 79' lang='lat' dir='ltr'><strong>collocarunt</strong></span> <span class='ocrx_word' id='word_1_160' title='bbox 1737 2512 1990 2599; x_wconf 82' lang='lat' dir='ltr'><strong>cognati</strong></span> <span class='ocrx_word' id='word_1_161' title='bbox 2019 2513 2314 2600; x_wconf 86' lang='lat' dir='ltr'><strong>puellam,</strong></span> <span class='ocrx_word' id='word_1_162' title='bbox 2343 2513 2681 2598; x_wconf 81' lang='lat' dir='ltr'><strong>fulgorque</strong></span> 
     </span>
     <span class='ocr_line' id='line_1_21' title="bbox 587 2610 2675 2700; baseline 0.003 -26"><span class='ocrx_word' id='word_1_163' title='bbox 587 2610 1010 2678; x_wconf 80' lang='lat' dir='ltr'><strong>circumcurrit</strong></span> <span class='ocrx_word' id='word_1_164' title='bbox 1028 2612 1359 2679; x_wconf 85' lang='lat' dir='ltr'><strong>vehemens</strong></span> <span class='ocrx_word' id='word_1_165' title='bbox 1383 2611 1676 2696; x_wconf 78' lang='lat' dir='ltr'><strong>Vulcani,</strong></span> <span class='ocrx_word' id='word_1_166' title='bbox 1694 2624 1850 2682; x_wconf 88' lang='lat' dir='ltr'><strong>tunc</strong></span> <span class='ocrx_word' id='word_1_167' title='bbox 1869 2616 2028 2682; x_wconf 83' lang='lat' dir='ltr'><strong>dixit</strong></span> <span class='ocrx_word' id='word_1_168' title='bbox 2045 2614 2316 2700; x_wconf 76' lang='lat' dir='ltr'><strong>Apollo,</strong></span> <span class='ocrx_word' id='word_1_169' title='bbox 2361 2614 2513 2679; x_wconf 86' lang='lat' dir='ltr'><strong>Non</strong></span> <span class='ocrx_word' id='word_1_170' title='bbox 2532 2635 2675 2680; x_wconf 82' lang='lat' dir='ltr'><strong>sus-</strong></span> 
     </span>
     <span class='ocr_line' id='line_1_22' title="bbox 587 2712 2671 2805; baseline 0.002 -27"><span class='ocrx_word' id='word_1_171' title='bbox 587 2712 799 2780; x_wconf 83' lang='lat' dir='ltr'><strong>tinebo</strong></span> <span class='ocrx_word' id='word_1_172' title='bbox 827 2712 1061 2798; x_wconf 81' lang='lat' dir='ltr'><strong>animo,</strong></span> <span class='ocrx_word' id='word_1_173' title='bbox 1091 2717 1365 2784; x_wconf 87' lang='lat' dir='ltr'><strong>sobolem</strong></span> <span class='ocrx_word' id='word_1_174' title='bbox 1392 2738 1596 2782; x_wconf 88' lang='lat' dir='ltr'><strong>meam</strong></span> <span class='ocrx_word' id='word_1_175' title='bbox 1627 2719 1877 2805; x_wconf 86' lang='lat' dir='ltr'><strong>perdere</strong></span> <span class='ocrx_word' id='word_1_176' title='bbox 1908 2715 2251 2783; x_wconf 84' lang='lat' dir='ltr'><strong>miseranda</strong></span> <span class='ocrx_word' id='word_1_177' title='bbox 2280 2726 2499 2798; x_wconf 88' lang='lat' dir='ltr'><strong>morte,</strong></span> <span class='ocrx_word' id='word_1_178' title='bbox 2531 2738 2671 2784; x_wconf 81' lang='lat' dir='ltr'><strong>ma-</strong></span> 
     </span>
     <span class='ocr_line' id='line_1_23' title="bbox 587 2817 2678 2908; baseline 0.002 -24"><span class='ocrx_word' id='word_1_179' title='bbox 587 2818 697 2886; x_wconf 85' lang='lat' dir='ltr'><strong>tris</strong></span> <span class='ocrx_word' id='word_1_180' title='bbox 712 2817 879 2903; x_wconf 82' lang='lat' dir='ltr'><strong>gravi</strong></span> <span class='ocrx_word' id='word_1_181' title='bbox 901 2840 1046 2885; x_wconf 88' lang='lat' dir='ltr'><strong>cum</strong></span> <span class='ocrx_word' id='word_1_182' title='bbox 1067 2819 1338 2886; x_wconf 86' lang='lat' dir='ltr'><strong>interitu.</strong></span> <span class='ocrx_word' id='word_1_183' title='bbox 1398 2819 1509 2886; x_wconf 90' lang='lat' dir='ltr'><strong>Sic</strong></span> <span class='ocrx_word' id='word_1_184' title='bbox 1526 2819 1701 2899; x_wconf 82' lang='lat' dir='ltr'><strong>dixit,</strong></span> <span class='ocrx_word' id='word_1_185' title='bbox 1724 2842 2056 2908; x_wconf 77' lang='lat' dir='ltr'><strong>gressuque</strong></span> <span class='ocrx_word' id='word_1_186' title='bbox 2072 2821 2275 2908; x_wconf 88' lang='lat' dir='ltr'><strong>primo</strong></span> <span class='ocrx_word' id='word_1_187' title='bbox 2292 2820 2678 2906; x_wconf 85' lang='lat' dir='ltr'><strong>prehensum</strong></span> 
     </span>
     <span class='ocr_line' id='line_1_24' title="bbox 587 2915 2672 3008; baseline 0.001 -22"><span class='ocrx_word' id='word_1_188' title='bbox 587 2940 853 3006; x_wconf 88' lang='lat' dir='ltr'><strong>puerum</strong></span> <span class='ocrx_word' id='word_1_189' title='bbox 886 2944 923 2986; x_wconf 93' lang='lat' dir='ltr'><strong>e</strong></span> <span class='ocrx_word' id='word_1_190' title='bbox 954 2924 1249 2991; x_wconf 85' lang='lat' dir='ltr'><strong>cadavere</strong></span> <span class='ocrx_word' id='word_1_191' title='bbox 1299 2922 1575 3008; x_wconf 81' lang='lat' dir='ltr'><strong>eripuit3</strong></span> <span class='ocrx_word' id='word_1_192' title='bbox 1621 2923 1840 2989; x_wconf 85' lang='lat' dir='ltr'><strong>ardens</strong></span> <span class='ocrx_word' id='word_1_193' title='bbox 1890 2915 2101 2990; x_wconf 82' lang='lat' dir='ltr'><strong>autern</strong></span> <span class='ocrx_word' id='word_1_194' title='bbox 2155 2923 2276 3008; x_wconf 89' lang='lat' dir='ltr'><strong>ipsi</strong></span> <span class='ocrx_word' id='word_1_195' title='bbox 2321 2920 2672 2989; x_wconf 84' lang='lat' dir='ltr'><strong>dissiluerat</strong></span> 
     </span>
     <span class='ocr_line' id='line_1_25' title="bbox 585 3023 2667 3111; baseline 0 -22"><span class='ocrx_word' id='word_1_196' title='bbox 585 3046 757 3111; x_wconf 82' lang='lat' dir='ltr'><strong>pyra.</strong></span> <span class='ocrx_word' id='word_1_197' title='bbox 842 3023 933 3089; x_wconf 83' lang='lat' dir='ltr'><strong>Et</strong></span> <span class='ocrx_word' id='word_1_198' title='bbox 960 3024 1175 3111; x_wconf 86' lang='lat' dir='ltr'><strong>utique</strong></span> <span class='ocrx_word' id='word_1_199' title='bbox 1203 3048 1349 3090; x_wconf 90' lang='lat' dir='ltr'><strong>eum</strong></span> <span class='ocrx_word' id='word_1_200' title='bbox 1382 3024 1716 3109; x_wconf 80' lang='lat' dir='ltr'><strong>Magnesio</strong></span> <span class='ocrx_word' id='word_1_201' title='bbox 1744 3026 2022 3091; x_wconf 87' lang='lat' dir='ltr'><strong>adferens</strong></span> <span class='ocrx_word' id='word_1_202' title='bbox 2051 3024 2298 3092; x_wconf 81' lang='lat' dir='ltr'><strong>tradidit</strong></span> <span class='ocrx_word' id='word_1_203' title='bbox 2325 3023 2667 3106; x_wconf 85' lang='lat' dir='ltr'><strong>Centauro,</strong></span> 
     </span>
     <span class='ocr_line' id='line_1_26' title="bbox 586 3126 2674 3220; baseline 0 -27"><span class='ocrx_word' id='word_1_204' title='bbox 586 3138 659 3193; x_wconf 90' lang='lat' dir='ltr'><strong>ut</strong></span> <span class='ocrx_word' id='word_1_205' title='bbox 688 3130 742 3193; x_wconf 90' lang='lat' dir='ltr'><strong>is</strong></span> <span class='ocrx_word' id='word_1_206' title='bbox 771 3128 1015 3220; x_wconf 82' lang='lat' dir='ltr'><strong>doceret</strong></span> <span class='ocrx_word' id='word_1_207' title='bbox 1043 3150 1188 3192; x_wconf 86' lang='lat' dir='ltr'><strong>eum</strong></span> <span class='ocrx_word' id='word_1_208' title='bbox 1223 3126 1640 3193; x_wconf 86' lang='lat' dir='ltr'><strong>multiuocuos</strong></span> <span class='ocrx_word' id='word_1_209' title='bbox 1670 3128 1996 3196; x_wconf 84' lang='lat' dir='ltr'><strong>hominurn</strong></span> <span class='ocrx_word' id='word_1_210' title='bbox 2027 3150 2243 3194; x_wconf 89' lang='lat' dir='ltr'><strong>sanare</strong></span> <span class='ocrx_word' id='word_1_211' title='bbox 2275 3129 2539 3195; x_wconf 83' lang='lat' dir='ltr'><strong>morbos.</strong></span> <span class='ocrx_word' id='word_1_212' title='bbox 2567 3164 2674 3182; x_wconf 89' lang='lat'>—</span> 
     </span>
     <span class='ocr_line' id='line_1_27' title="bbox 395 3228 2668 3318; baseline 0 -23"><span class='ocrx_word' id='word_1_213' title='bbox 395 3248 493 3296; x_wconf 71' lang='lat' dir='ltr'><strong>st.</strong></span> <span class='ocrx_word' id='word_1_214' title='bbox 516 3250 564 3296; x_wconf 84' lang='lat' dir='ltr'><strong>s</strong></span> <span class='ocrx_word' id='word_1_215' title='bbox 590 3229 769 3294; x_wconf 84' lang='lat' dir='ltr'><strong>Hos</strong></span> <span class='ocrx_word' id='word_1_216' title='bbox 750 3228 963 3311; x_wconf 71' lang='lat' dir='ltr'><strong>igitur,</strong></span> <span class='ocrx_word' id='word_1_217' title='bbox 990 3238 1295 3313; x_wconf 83' lang='lat' dir='ltr'><strong>quotquot</strong></span> <span class='ocrx_word' id='word_1_218' title='bbox 1321 3249 1468 3294; x_wconf 88' lang='lat' dir='ltr'><strong>eum</strong></span> <span class='ocrx_word' id='word_1_219' title='bbox 1498 3228 1802 3311; x_wconf 84' lang='lat' dir='ltr'><strong>adierunt,</strong></span> <span class='ocrx_word' id='word_1_220' title='bbox 1826 3242 1934 3297; x_wconf 88' lang='lat' dir='ltr'><strong>aut</strong></span> <span class='ocrx_word' id='word_1_221' title='bbox 1962 3240 2213 3318; x_wconf 87' lang='lat' dir='ltr'><strong>sponte·</strong></span> <span class='ocrx_word' id='word_1_222' title='bbox 2185 3231 2416 3296; x_wconf 84' lang='lat' dir='ltr'><strong>-enatis</strong></span> <span class='ocrx_word' id='word_1_223' title='bbox 2441 3229 2668 3295; x_wconf 87' lang='lat' dir='ltr'><strong>ulceri·</strong></span> 
     </span>
     <span class='ocr_line' id='line_1_28' title="bbox 451 3315 2668 3421; baseline -0.001 -21"><span class='ocrx_word' id='word_1_224' title='bbox 451 3315 530 3360; x_wconf 77' lang='lat'><strong>⁸³</strong></span> <span class='ocrx_word' id='word_1_225' title='bbox 588 3334 706 3400; x_wconf 79' lang='lat' dir='ltr'><strong>bus</strong></span> <span class='ocrx_word' id='word_1_226' title='bbox 735 3329 986 3410; x_wconf 85' lang='lat' dir='ltr'><strong>adflicti,</strong></span> <span class='ocrx_word' id='word_1_227' title='bbox 1016 3341 1126 3396; x_wconf 85' lang='lat' dir='ltr'><strong>aut</strong></span> <span class='ocrx_word' id='word_1_228' title='bbox 1153 3353 1311 3396; x_wconf 88' lang='lat' dir='ltr'><strong>cano</strong></span> <span class='ocrx_word' id='word_1_229' title='bbox 1341 3353 1463 3397; x_wconf 83' lang='lat' dir='ltr'><strong>aere</strong></span> <span class='ocrx_word' id='word_1_230' title='bbox 1492 3354 1717 3398; x_wconf 86' lang='lat' dir='ltr'><strong>saxove</strong></span> <span class='ocrx_word' id='word_1_231' title='bbox 1746 3334 1992 3400; x_wconf 89' lang='lat' dir='ltr'><strong>eminus</strong></span> <span class='ocrx_word' id='word_1_232' title='bbox 2011 3332 2187 3421; x_wconf 90' lang='lat' dir='ltr'><strong>jacto</strong></span> <span class='ocrx_word' id='word_1_233' title='bbox 2217 3336 2498 3399; x_wconf 89' lang='lat' dir='ltr'><strong>membra</strong></span> <span class='ocrx_word' id='word_1_234' title='bbox 2523 3335 2668 3398; x_wconf 78' lang='lat' dir='ltr'><strong>vul·</strong></span> 
     </span>
     <span class='ocr_line' id='line_1_29' title="bbox 586 3433 2672 3525; baseline 0 -25"><span class='ocrx_word' id='word_1_235' title='bbox 586 3433 805 3517; x_wconf 74' lang='lat' dir='ltr'><strong>nei-ati,</strong></span> <span class='ocrx_word' id='word_1_236' title='bbox 834 3448 943 3502; x_wconf 84' lang='lat' dir='ltr'><strong>aut</strong></span> <span class='ocrx_word' id='word_1_237' title='bbox 971 3436 1186 3502; x_wconf 80' lang='lat' dir='ltr'><strong>aestivo</strong></span> <span class='ocrx_word' id='word_1_238' title='bbox 1212 3436 1343 3521; x_wconf 81' lang='lat' dir='ltr'><strong>igni</strong></span> <span class='ocrx_word' id='word_1_239' title='bbox 1373 3437 1677 3522; x_wconf 78' lang='lat' dir='ltr'><strong>frigoreve</strong></span> <span class='ocrx_word' id='word_1_240' title='bbox 1706 3436 1963 3505; x_wconf 88' lang='lat' dir='ltr'><strong>hiberno</strong></span> <span class='ocrx_word' id='word_1_241' title='bbox 1992 3459 2213 3525; x_wconf 88' lang='lat' dir='ltr'><strong>corpus</strong></span> <span class='ocrx_word' id='word_1_242' title='bbox 2240 3436 2374 3502; x_wconf 85' lang='lat' dir='ltr'><strong>laesi</strong></span> <span class='ocrx_word' id='word_1_243' title='bbox 2399 3436 2672 3501; x_wconf 80' lang='lat' dir='ltr'><strong>liberans</strong></span> 
     </span>
     <span class='ocr_line' id='line_1_30' title="bbox 580 3537 2671 3628; baseline 0 -26"><span class='ocrx_word' id='word_1_244' title='bbox 580 3540 775 3608; x_wconf 86' lang='lat' dir='ltr'><strong>alium</strong></span> <span class='ocrx_word' id='word_1_245' title='bbox 807 3540 885 3606; x_wconf 83' lang='lat' dir='ltr'><strong>ab</strong></span> <span class='ocrx_word' id='word_1_246' title='bbox 914 3541 1047 3605; x_wconf 84' lang='lat' dir='ltr'><strong>aliis</strong></span> <span class='ocrx_word' id='word_1_247' title='bbox 1074 3540 1386 3605; x_wconf 89' lang='lat' dir='ltr'><strong>doloribus</strong></span> <span class='ocrx_word' id='word_1_248' title='bbox 1414 3540 1675 3620; x_wconf 86' lang='lat' dir='ltr'><strong>eduxit,</strong></span> <span class='ocrx_word' id='word_1_249' title='bbox 1719 3541 1872 3606; x_wconf 85' lang='lat' dir='ltr'><strong>alios</strong></span> <span class='ocrx_word' id='word_1_250' title='bbox 1916 3539 2167 3628; x_wconf 87' lang='lat' dir='ltr'><strong>quidem</strong></span> <span class='ocrx_word' id='word_1_251' title='bbox 2218 3538 2510 3606; x_wconf 86' lang='lat' dir='ltr'><strong>mollibus</strong></span> <span class='ocrx_word' id='word_1_252' title='bbox 2559 3537 2671 3612; x_wconf 90' lang='lat' dir='ltr'><strong>in·</strong></span> 
     </span>
     <span class='ocr_line' id='line_1_31' title="bbox 581 3640 2668 3728; baseline 0.001 -23"><span class='ocrx_word' id='word_1_253' title='bbox 581 3641 1035 3712; x_wconf 73' lang='lat' dir='ltr'><strong>cantationibus</strong></span> <span class='ocrx_word' id='word_1_254' title='bbox 1065 3665 1309 3722; x_wconf 87' lang='lat' dir='ltr'><strong>curans,</strong></span> <span class='ocrx_word' id='word_1_255' title='bbox 1343 3642 1498 3708; x_wconf 84' lang='lat' dir='ltr'><strong>alios</strong></span> <span class='ocrx_word' id='word_1_256' title='bbox 1525 3664 1668 3708; x_wconf 84' lang='lat' dir='ltr'><strong>vero</strong></span> <span class='ocrx_word' id='word_1_257' title='bbox 1718 3642 2089 3708; x_wconf 84' lang='lat' dir='ltr'><strong>lenientibus</strong></span> <span class='ocrx_word' id='word_1_258' title='bbox 2133 3640 2509 3728; x_wconf 88' lang='lat' dir='ltr'><strong>potionibus,</strong></span> <span class='ocrx_word' id='word_1_259' title='bbox 2561 3644 2668 3708; x_wconf 84' lang='lat' dir='ltr'><strong>vel</strong></span> 
     </span>
     <span class='ocr_line' id='line_1_32' title="bbox 582 3689 2662 3830; baseline 0 -19"><span class='ocrx_word' id='word_1_260' title='bbox 582 3744 876 3814; x_wconf 84' lang='lat' dir='ltr'><strong>membris</strong></span> <span class='ocrx_word' id='word_1_261' title='bbox 921 3689 1799 3830; x_wconf 55' lang='lat' dir='ltr'><strong>circumnecteffloffindique</strong></span> <span class='ocrx_word' id='word_1_262' title='bbox 1847 3744 2278 3825; x_wconf 81' lang='lat' dir='ltr'><strong>medicamina,</strong></span> <span class='ocrx_word' id='word_1_263' title='bbox 2327 3743 2662 3829; x_wconf 77' lang='lat' dir='ltr'><strong>(amuleta)</strong></span> 
     </span>
     <span class='ocr_line' id='line_1_33' title="bbox 367 3847 2666 3954; baseline -0.002 -38"><span class='ocrx_word' id='word_1_264' title='bbox 367 3857 443 3906; x_wconf 74' lang='lat' dir='ltr'><strong>Au</strong></span> <span class='ocrx_word' id='word_1_265' title='bbox 448 3865 479 3907; x_wconf 73' lang='lat'><strong><em>¹</em></strong></span> <span class='ocrx_word' id='word_1_266' title='bbox 500 3860 558 3912; x_wconf 79' lang='lat'>³</span> <span class='ocrx_word' id='word_1_267' title='bbox 577 3851 730 3920; x_wconf 83' lang='lat' dir='ltr'><strong>alios</strong></span> <span class='ocrx_word' id='word_1_268' title='bbox 757 3848 1023 3934; x_wconf 87' lang='lat' dir='ltr'><strong>denique</strong></span> <span class='ocrx_word' id='word_1_269' title='bbox 1067 3850 1444 3954; x_wconf 70' lang='lat' dir='ltr'><strong>sectiqnibus</strong></span> <span class='ocrx_word' id='word_1_270' title='bbox 1497 3848 1765 3914; x_wconf 78' lang='lat' dir='ltr'><strong>restituit</strong></span> <span class='ocrx_word' id='word_1_271' title='bbox 1819 3870 2020 3916; x_wconf 87' lang='lat' dir='ltr'><strong>sanos.</strong></span> <span class='ocrx_word' id='word_1_272' title='bbox 2063 3887 2151 3906; x_wconf 82' lang='lat'><strong>--</strong></span> <span class='ocrx_word' id='word_1_273' title='bbox 2193 3847 2427 3915; x_wconf 87' lang='lat' dir='ltr'><strong>Verum</strong></span> <span class='ocrx_word' id='word_1_274' title='bbox 2481 3849 2666 3912; x_wconf 88' lang='lat' dir='ltr'><strong>lucro</strong></span> 
     </span>
     <span class='ocr_line' id='line_1_34' title="bbox 439 3926 2665 4074; baseline -0.002 -51.993"><span class='ocrx_word' id='word_1_275' title='bbox 439 3926 521 3974; x_wconf 63' lang='grc' dir='ltr'><strong>’δ’</strong></span> <span class='ocrx_word' id='word_1_276' title='bbox 575 3954 764 4024; x_wconf 82' lang='lat' dir='ltr'><strong>etiam</strong></span> <span class='ocrx_word' id='word_1_277' title='bbox 799 3954 1099 4074; x_wconf 82' lang='lat' dir='ltr'><strong>sapientia</strong></span> <span class='ocrx_word' id='word_1_278' title='bbox 1129 3941 1349 4018; x_wconf 78' lang='lat' dir='ltr'><strong>iri-etiri</strong></span> <span class='ocrx_word' id='word_1_279' title='bbox 1378 3952 1560 4017; x_wconf 87' lang='lat' dir='ltr'><strong>solet.</strong></span> <span class='ocrx_word' id='word_1_280' title='bbox 1651 3950 1945 4018; x_wconf 84' lang='lat' dir='ltr'><strong>Pervertit</strong></span> <span class='ocrx_word' id='word_1_281' title='bbox 1973 3961 2039 4017; x_wconf 89' lang='lat' dir='ltr'><strong>et</strong></span> <span class='ocrx_word' id='word_1_282' title='bbox 2066 3947 2245 4017; x_wconf 84' lang='lat' dir='ltr'><strong>illum</strong></span> <span class='ocrx_word' id='word_1_283' title='bbox 2276 3951 2486 4039; x_wconf 81' lang='lat' dir='ltr'><strong>ampla</strong></span> <span class='ocrx_word' id='word_1_284' title='bbox 2523 3950 2665 4017; x_wconf 88' lang='lat' dir='ltr'><strong>auri</strong></span> 
     </span>
     <span class='ocr_line' id='line_1_35' title="bbox 572 4051 2660 4140; baseline -0.002 -17"><span class='ocrx_word' id='word_1_285' title='bbox 572 4078 829 4139; x_wconf 80' lang='lat' dir='ltr'><strong>merces,</strong></span> <span class='ocrx_word' id='word_1_286' title='bbox 859 4057 924 4125; x_wconf 88' lang='lat' dir='ltr'><strong>in</strong></span> <span class='ocrx_word' id='word_1_287' title='bbox 958 4054 1245 4121; x_wconf 87' lang='lat' dir='ltr'><strong>manibus</strong></span> <span class='ocrx_word' id='word_1_288' title='bbox 1272 4055 1542 4138; x_wconf 81' lang='lat' dir='ltr'><strong>fulgens,</strong></span> <span class='ocrx_word' id='word_1_289' title='bbox 1572 4061 1642 4119; x_wconf 89' lang='lat' dir='ltr'><strong>ut</strong></span> <span class='ocrx_word' id='word_1_290' title='bbox 1668 4053 1869 4122; x_wconf 85' lang='lat' dir='ltr'><strong>virum</strong></span> <span class='ocrx_word' id='word_1_291' title='bbox 1897 4078 1935 4119; x_wconf 91' lang='lat' dir='ltr'><strong>e</strong></span> <span class='ocrx_word' id='word_1_292' title='bbox 1962 4064 2159 4120; x_wconf 86' lang='lat' dir='ltr'><strong>morte</strong></span> <span class='ocrx_word' id='word_1_293' title='bbox 2172 4051 2543 4122; x_wconf 84' lang='lat' dir='ltr'><strong>reduceret</strong></span> <span class='ocrx_word' id='word_1_294' title='bbox 2516 4073 2660 4140; x_wconf 85' lang='lat' dir='ltr'><strong>Jam</strong></span> 
     </span>
     <span class='ocr_line' id='line_1_36' title="bbox 566 4155 2660 4244; baseline -0.004 -16"><span class='ocrx_word' id='word_1_295' title='bbox 566 4159 932 4228; x_wconf 77' lang='lat' dir='ltr'><strong>damnatum</strong></span> <span class='ocrx_word' id='word_1_296' title='bbox 966 4157 1236 4242; x_wconf 70' lang='lat' dir='ltr'><strong>(morti).</strong></span> <span class='ocrx_word' id='word_1_297' title='bbox 1320 4156 1447 4222; x_wconf 89' lang='lat' dir='ltr'><strong>Sed</strong></span> <span class='ocrx_word' id='word_1_298' title='bbox 1473 4157 1759 4223; x_wconf 84' lang='lat' dir='ltr'><strong>manibus</strong></span> <span class='ocrx_word' id='word_1_299' title='bbox 1794 4157 2120 4224; x_wconf 89' lang='lat' dir='ltr'><strong>Saturnius</strong></span> <span class='ocrx_word' id='word_1_300' title='bbox 2134 4155 2445 4244; x_wconf 88' lang='lat' dir='ltr'><strong>trajiciens</strong></span> <span class='ocrx_word' id='word_1_301' title='bbox 2469 4156 2660 4221; x_wconf 86' lang='lat' dir='ltr'><strong>utris-</strong></span> 
     </span>
     <span class='ocr_line' id='line_1_37' title="bbox 570 4259 2661 4351; baseline -0.003 -22"><span class='ocrx_word' id='word_1_302' title='bbox 570 4285 691 4348; x_wconf 76' lang='lat' dir='ltr'><strong>que</strong></span> <span class='ocrx_word' id='word_1_303' title='bbox 714 4263 1179 4351; x_wconf 79' lang='lat' dir='ltr'><strong>respirationem</strong></span> <span class='ocrx_word' id='word_1_304' title='bbox 1216 4268 1540 4345; x_wconf 83' lang='lat' dir='ltr'><strong>pectorum</strong></span> <span class='ocrx_word' id='word_1_305' title='bbox 1571 4260 1825 4326; x_wconf 83' lang='lat' dir='ltr'><strong>abstulit</strong></span> <span class='ocrx_word' id='word_1_306' title='bbox 1853 4259 2148 4340; x_wconf 88' lang='lat' dir='ltr'><strong>celeriter,</strong></span> <span class='ocrx_word' id='word_1_307' title='bbox 2171 4260 2515 4345; x_wconf 86' lang='lat' dir='ltr'><strong>ardensque</strong></span> <span class='ocrx_word' id='word_1_308' title='bbox 2529 4259 2661 4323; x_wconf 85' lang='lat' dir='ltr'><strong>ful-</strong></span> 
     </span>
     <span class='ocr_line' id='line_1_38' title="bbox 568 4361 2659 4458; baseline -0.001 -28"><span class='ocrx_word' id='word_1_309' title='bbox 568 4383 712 4430; x_wconf 81' lang='lat' dir='ltr'><strong>men</strong></span> <span class='ocrx_word' id='word_1_310' title='bbox 739 4365 963 4432; x_wconf 80' lang='lat' dir='ltr'><strong>inflixit</strong></span> <span class='ocrx_word' id='word_1_311' title='bbox 988 4372 1269 4434; x_wconf 70' lang='lat' dir='ltr'><strong>mortem„</strong></span> <span class='ocrx_word' id='word_1_312' title='bbox 1317 4361 1582 4450; x_wconf 80' lang='lat' dir='ltr'><strong>Oportet</strong></span> <span class='ocrx_word' id='word_1_313' title='bbox 1602 4361 1782 4446; x_wconf 67' lang='lat' dir='ltr'><strong>adiis</strong></span> <span class='ocrx_word' id='word_1_314' title='bbox 1791 4361 2172 4446; x_wconf 54' lang='lat' dir='ltr'><strong>flagitareeae</strong></span> <span class='ocrx_word' id='word_1_315' title='bbox 2196 4382 2337 4458; x_wconf 71' lang='lat' dir='ltr'><strong>quae</strong></span> <span class='ocrx_word' id='word_1_316' title='bbox 2355 4362 2659 4432; x_wconf 74' lang='lat' dir='ltr'><strong>conyeni-</strong></span> 
     </span>
    </p>
   </div>
  </div>
 </body>
</html>
