2925 5150
656 467 741 533 88
1080 482 1123 517 ‘·
1413 404 1978 529 I'S‘THMIss'

648 637 821 705 dumi
846 634 958 703 flm
984 637 1251 703 hunam
1278 634 1546 703 macuti
1570 642 1741 700 sunt.
1827 632 2084 700 Etenim
2127 654 2260 700 non
2283 633 2499 719 ignca
2522 642 2739 709 venua

650 750 748 806 est
774 739 996 806 domus
1025 760 1224 827 neque
1255 740 1708 820 chorearum56
1746 736 2153 821 Thrasybule,
2193 738 2577 817 amabiliuub
2610 759 2731 803 nea·

472 857 567 908 stt.
580 861 627 910 3.
655 866 777 935 que
807 842 1267 910 mellisonorum
1298 850 1619 908 cantuum.
1636 878 1728 891 -
1744 840 1982 961 Neque
1994 840 2162 921 enim
2185 843 2501 926 scopulus,
2519 860 2728 926 neque

416 962 420 969 ·
516 927 599 976 ⁴⁷·
652 947 837 1012 ardua
857 948 959 1013 via
984 958 1100 1027 est,
1142 948 1201 1013 si
1242 948 1380 1034 quis
1425 944 1758 1011 illustrium
1793 943 1882 1009 ad
1924 943 2192 1011 virorum
2237 944 2403 1012 aedes
2459 943 2734 1008 adducat

651 1070 907 1114 munera
958 1049 1469 1115 Heliconiadum.
1557 1048 1845 1127 Utinam,
1881 1047 2046 1128 (etsi)
2099 1050 2286 1135 longe
2324 1045 2730 1135 jacto-disco,

637 1149 877 1238 jaculet
902 1163 1176 1235 tantum,
1205 1163 1512 1240 quantum
1541 1146 1749 1218 indole
1791 1152 2178 1218 Xenocrates
2220 1152 2505 1218 homines
2553 1148 2732 1215 suavi

432 1289 509 1336 Aa
513 1295 553 1337 ς
576 1292 626 1338 3,
650 1255 979 1342 superavit.
1066 1255 1468 1323 Verecuudus
1515 1266 1644 1321 erat
1697 1253 1858 1319 inter
1911 1255 2074 1321 cives
2114 1277 2501 1336 versans‚—
2528 1275 2731 1340 equo-

513 1355 595 1402 ⁵⁵.
650 1360 1208 1444 rumque-ulturum
1229 1381 1447 1424 ctu-ans
1470 1357 1769 1424 universae
1798 1357 2069 1425 Groecioe
2090 1360 2256 1440 ritu3
2283 1357 2439 1422 etad
2466 1357 2733 1434 deorum

653 1463 866 1546 epulas
894 1460 1533 1528 studiose-accedebat
1560 1483 1800 1541 omnes,
1831 1485 2038 1549 neque
2055 1482 2333 1549 unquam
2353 1458 2734 1543 hospitalem

603 1554 607 1558 ’
653 1565 924 1650 procella
968 1564 1203 1630 irruens
1251 1565 1559 1639 contraxit
1587 1566 1796 1631 velum
1827 1565 1988 1630 circa
2018 1585 2321 1637 mensam.
2349 1561 2456 1627 sed
2482 1559 2736 1646 trajecit

659 1666 815 1749 (ille)
849 1665 926 1731 ad
959 1664 1192 1735 Phasin
1222 1666 1477 1754 quidem
1522 1676 1760 1747 aestate,
1790 1666 1996 1732 hieme
2015 1673 2055 1712 ²*
2085 1690 2228 1733 vero
2272 1666 2566 1751 navigans
2593 1662 2735 1726 Nili

412 1783 600 1899 Iapeti.³
582 1787 631 1834 3.
657 1767 736 1835 ad
762 1768 922 1852 ripas
956 1769 1050 1850 (h.
1080 1770 1331 1855 patebat
1359 1789 1544 1855 quam
1579 1767 1892 1834 latissime
1904 1768 2035 1855 ejus
2064 1754 2497 1856 hospitalitas).
2515 1765 2734 1829 -Ne

659 1891 853 1950 nunc,
881 1871 933 1935 si
952 1872 1229 1957 quidem
1276 1870 1466 1936 invidi
1496 1893 1711 1937 sensus
1742 1871 2095 1937 mortalium
2152 1881 2391 1956 mentes
2417 1869 2732 1946 obsident,

657 1993 857 2058 neque
886 1971 1176 2037 virtutem
1207 1973 1383 2038 sileat
1400 1971 1889 2065 (Thrasybulus)
1934 1982 2278 2060 paternam,
2308 1992 2511 2059 neque
2541 1970 2735 2035 hosce

390 2086 400 2097 '
454 2162 459 2173 ι
523 2164 533 2173 .
654 2076 955 2163 hymnos·
936 2121 957 2154 ,
1003 2075 1498 2161 quandoquidem
1526 2097 1676 2156 non,
1704 2086 1777 2141 ut
1798 2076 1994 2143 otiose
2020 2077 2365 2161 quiescant,
2383 2094 2487 2136 eos
2511 2072 2731 2135 elabo-

653 2180 805 2246 ravi.
893 2178 1081 2257 Haec,
1109 2178 1471 2266 Nicasippe,
1503 2200 1768 2266 expone,
1800 2178 2047 2265 quando
2073 2177 2487 2266 ad'hospitem
2516 2196 2734 2241 meum

654 2279 1020 2345 familiarem
1049 2278 1306 2344 veneris.

1404 2724 1779 2806 ISTHM.
1852 2726 1987 2804 111.

912 2920 1117 3010 ME
1157 2919 1298 3005 Ll
1336 2919 1603 3010 sso
1676 2889 1980 3014 THE
2020 2883 2452 3020 BA'No‚

1416 3156 1978 3225 QUADRIGIS.

466 3382 561 3430 su,
590 3388 639 3429 ι.
666 3341 763 3422 Sl
803 3353 944 3439 quis
971 3351 1329 3432 hominum,
1359 3352 1969 3422 felicitatem-nactus
1992 3367 2101 3422 aut
2128 3381 2238 3445 per
2263 3358 2521 3425 illustria
2542 3368 2745 3423 certa·-

665 3452 839 3520 mina
867 3458 974 3515 aut
1000 3447 1065 3514 vi
1084 3448 1468 3533 divitiarum,
1513 3453 1766 3520 cohibet
1793 3455 2004 3520 animo
2027 3465 2245 3522 tetram
2298 3456 2692 3524 insolentiam
2714 3479 2737 3536 ς

662 3554 892 3640 dignus
920 3553 972 3618 is
999 3561 1096 3618 est
1124 3552 1436 3637 praeconia
1474 3554 1703 3623 civium
1734 3556 2010 3643 adipisci.
2096 3559 2157 3623 O
2186 3558 2457 3645 Jupiter,
2486 3580 2738 3643 magnae

666 3654 835 3720 enim
866 3654 1114 3722 virtutes
1144 3656 1504 3723 mortalibus
1548 3660 1924 3746 contingunt
1965 3661 2268 3727 beneficio
2296 3672 2442 3743 tuo,
2470 3661 2742 3746 vivitque

667 3756 1013 3844 diuturnior
1039 3757 1301 3824 felicitas
1326 3763 1728 3828 reverentiam
1763 3769 1876 3846 (te,
1907 3763 2217 3850 piorum);
2261 3763 2555 3851 perversis
2598 3785 2742 3829 vero

436 3880 551 3928 Ant.
572 3884 649 3933 ιι.
668 3858 983 3926 mentibus
1013 3881 1139 3925 non
1169 3882 1346 3947 aeque
1373 3872 1672 3950 perpetuo
1698 3868 1921 3931 florens
1948 3868 2140 3933 adest.
2181 3905 2273 3917 —-
2311 3866 2560 3934 Inclitis
2601 3887 2744 3931 vero

667 3959 1043 4028 facinoribus
1069 3968 1200 4043 (ut)
1230 3985 1343 4030 sua
1382 3967 1643 4050 praemia
1666 3973 2005 4050 (constent,
2009 3970 2033 4054 )
2061 3971 2153 4035 fas
2180 3976 2274 4035 est
2315 3969 2622 4034 celebrare
2648 3965 2740 4032 vi-

666 4087 804 4132 rum
834 4074 1179 4144 strenuum,
1207 4067 1422 4151 sasque
1446 4069 2060 4136 choreas-ducentem
2087 4070 2326 4138 blandis
2347 4069 2602 4155 hymnis
2627 4090 2740 4134 ex-

667 4170 899 4244 tollere.
985 4164 1105 4236 Est
1133 4187 1276 4233 vero
1316 4177 1382 4234 et
1407 4170 1804 4254 geminorum
1831 4174 2242 4242 certaminum
2274 4172 2541 4244 Melisso
2585 4195 2738 4254 sors,

1451 4328 1631 4379 ⁸vAt.
1657 4331 1729 4381 No
1731 4339 1766 4386 t.
