2925 5150
636 436 719 503 ⁸4
1356 442 1369 503 ἶ
1464 427 1881 498 ΝΕΜΕΑ.

634 602 747 673 filii
776 601 1305 687 roburimpedivit
1343 600 1626 688 Pythone
1651 601 1993 687 periculum
2035 602 2234 665 facere
2279 598 2726 686 Olympmque

638 707 1068 771 certaminum.
1156 703 1276 770 Per
1303 705 1474 771 enim
1505 706 1706 794 ipsam
1721 702 2120 790 jurisjurandi
2136 705 2500 790 religionem
2523 704 2718 785 (asse-

638 812 804 890 vero)
831 831 849 871 e
895 829 1033 872 mea
1060 807 1307 893 quidem
1333 808 1659 885 sententia,
1692 808 1769 873 ad
1801 807 2131 875 Castaliam
2160 817 2226 874 et
2252 808 2333 873 ad
2360 808 2720 873 arbor-osum

582 913 944 1001 profectus
986 913 1206 976 collem
1263 912 1536 993 Saturni,
1568 913 2070 981 honorificentius
2119 933 2308 998 quam
2362 916 2718 996 pugnantes

390 1032 545 1098 Epod.
567 1036 613 1083 ε,
634 1012 952 1078 adversarii
996 1014 1293 1094 rediisset,
1318 1048 1417 1068 -ι
1436 1016 1895 1100 quinquennale
1921 1018 2151 1083 festum
2191 1017 2271 1080 ab
2316 1012 2632 1080 Hercule
2613 1032 2718 1079 m-

468 1103 547 1149 34·
635 1117 926 1180 stitutum
950 1118 1286 1193 celebrans,
1308 1117 1753 1204 redimitusque
1769 1139 2013 1183 comam
2031 1117 2356 1204 purpureis
2371 1114 2718 1181 frondibus.

634 1219 762 1282 Sed
794 1220 1145 1284 mortalium
1177 1222 1366 1286 alium
1420 1220 1671 1306 quidem
1702 1242 1859 1286 vana
1885 1221 2170 1306 gloriatio
2212 1220 2510 1289 felicitate
2550 1215 2715 1303 deji-

635 1343 771 1386 cere
799 1323 959 1385 solet
976 1344 996 1399 3
1057 1320 1246 1386 alium
1292 1344 1434 1393 vero
1487 1332 1722 1405 contra,
1747 1324 1949 1387 robori
2002 1322 2272 1389 nimium
2299 1321 2712 1406 diffidentem,

620 1423 891 1519 propriis
937 1423 1135 1507 privat
1189 1424 1387 1504 bonis,
1422 1445 1610 1489 manu
1654 1426 1901 1490 trahens
1946 1434 2129 1507 retro,
2158 1425 2406 1490 animus
2455 1420 2715 1487 audacis

450 1545 610 1593 snas.
633 1547 865 1589 carens.
908 1565 997 1576 —
1039 1529 1397 1612 Agnoscere
1414 1528 1749 1593 admodum
1770 1529 1949 1593 facile
1966 1538 2096 1595 erat
2127 1527 2406 1594 Pisandri
2432 1525 2714 1613 priscum

497 1611 575 1657 ‘¹³‘
633 1628 1000 1713 sanguinem
1055 1630 1374 1715 Spartani:
1437 1634 1517 1697 ab
1564 1633 1841 1718 Amyclis
1885 1632 2053 1696 enim
2095 1633 2250 1716 (ille)
2284 1641 2532 1695 venerat
2557 1648 2722 1693 cum·

633 1731 879 1812 Oreste,
910 1732 1170 1798 AEolum
1202 1735 1548 1801 exercitum
1589 1739 2127 1801 'rere-armatorum
2160 1735 2285 1799 huc
2319 1731 2705 1815 (Tenedum)

631 1834 979 1901 adducens,
1028 1846 1092 1901 et
1118 1838 1197 1902 ad
1225 1837 1459 1903 Ismeni
1482 1840 1717 1903 fluenta
1731 1837 2080 1904 admixtum
2114 1835 2534 1923 (sanguinem)
2556 1832 2706 1898 Me·

408 1941 485 1991 An
458 1952 527 2053 (1
526 1947 604 2058 93
627 1934 863 2024 lanippi
905 1938 1002 2002 avi
1035 1940 1315 2005 materni.
1403 1937 1630 2005 Priscae
1659 1948 1867 2006 autem
1913 1939 2170 2005 virtutes
2201 1976 2287 1988 —-
2314 1943 2704 2021 recuperant,

620 2150 837 2224 pertae,
879 2144 1088 2207 robur.
1177 2142 1495 2209 Continue
1539 2167 1692 2209 vero·
1712 2166 1915 2229 neque
1947 2144 2123 2229 nigra
2149 2146 2357 2227 fruges
2386 2141 2563 2207 edere
2589 2161 2700 2204 so-

619 2243 751 2306 lent
781 2263 959 2323 arva,
941 2267 958 2285 ·
1006 2266 1122 2308 nec
1152 2246 1395 2310 arbores
1438 2254 1653 2310 amant
1681 2246 1971 2311 omnibus
2000 2265 2305 2311 annorum
2339 2242 2696 2310 recursibus

620 2347 832 2411 florem
861 2346 1184 2411 odoratum
1214 2348 1368 2410 ferre
1397 2348 1578 2433 eopia
1594 2368 1800 2433 parem
1827 2346 1985 2433 (pari
2008 2347 2242 2432 copia),
2260 2344 2696 2433 sedperviooe.

434 2460 527 2527 Es.
551 2463 605 2510 s.
624 2446 730 2511 Sic
758 2455 822 2510 et
851 2448 1109 2512 mortale
1151 2468 1349 2532 genus
1378 2448 1556 2513 ducit
1575 2487 1672 2498 --
1701 2449 1949 2519 Fatum.
2037 2451 2125 2514 At
2154 2471 2192 2513 a
2219 2448 2380 2515 Jove
2414 2445 2699 2515 homini-

497 2526 578 2575 55.
624 2550 741 2615 bus
771 2558 1007 2615 certum
1054 2571 1182 2615 non
1228 2550 1535 2637 contingit
1582 2514 1684 2635 (de
1713 2557 1968 2630 eventu)
2004 2551 2278 2638 signum.
2364 2550 2449 2617 Et
2474 2560 2694 2615 tamen

615 2654 684 2720 in
735 2649 1017 2758 superbia
1075 2652 1418 2718 incedimus
1470 2676 1690 2743 resque
1734 2656 1963 2720 multas
2007 2655 2357 2721 molientes.
2440 2654 2695 2740 llligata

615 2753 784 2826 enim
830 2762 977 2818 sunt
1034 2753 1380 2838 impudenti
1410 2776 1521 2844 spe
1552 2757 1830 2823 membra
1888 2755 2253 2841 (homines),
2284 2757 2695 2845 providentia

613 2879 757 2929 vero
791 2854 1035 2942 (futuri)
1068 2857 1255 2941 longe
1300 2859 1525 2924 absunt
1554 2858 1698 2926 viae.
1790 2857 2149 2924 Utilitatum
2190 2869 2396 2924 autem
2442 2869 2694 2944 oportet

613 2958 871 3028 modum
933 2958 1139 3023 venari
1196 2964 1460 3044 (sectari,
1508 2963 1785 3040 tenere);
1846 2971 2130 3048 appetere
2184 2982 2344 3043 vero,
2373 2982 2517 3048 quae
2543 2961 2688 3050 quis

614 3048 854 3149 assequi
884 3080 1009 3125 non
1040 3061 1254 3145 possit,
1283 3064 1484 3144 gravis
1514 3062 1752 3130 insania
1776 3071 1891 3128 est.

627 2039 793 2121 (etsi)
827 2061 935 2124 per
969 2039 1248 2125 (aliquot)
1275 2042 1603 2106 hominum
1634 2044 2059 2125 generationes
2089 2038 2570 2105 vicissitudinem
2587 2059 2704 2102 ex-
2817 2110 2838 2125 Ι
