2925 5150
876 572 1341 641 CARMEN
1383 574 1496 642 vr.
1923 586 1976 671 .'
2130 560 2204 645 ιί

22 822 23 839 ¹
154 738 365 813 ,dolens
398 744 671 828 (animo)
703 742 954 826 reliquit
995 744 1201 822 humi,
1229 745 1357 809 duo
1381 767 1522 809 vero
1550 745 1713 809 caesii
1739 747 2028 814 dracones
2055 751 2205 815 deo-

22 844 25 921 'f
162 860 291 907 rum
320 847 653 908 voluntate
676 862 883 907 curam
915 841 1044 927 ejus
1071 846 1367 912 habentes
1395 860 1538 910 eum
1561 847 1946 911 nutriverunt
1959 850 2210 915 innoxio

158 944 379 1028 (almo)
429 965 621 1009 succo
661 964 867 1029 apum.
956 944 1095 1008 Rex
1138 955 1344 1010 autem
1386 955 1711 1032 postquam
1755 958 1996 1033 petrosa
2038 973 2216 1015 curru

158 1054 378 1110 vectus
407 1046 585 1110 rediit
609 1067 685 1108 ex
716 1043 1016 1128 Pythone,
1047 1067 1263 1110 omnes
1286 1047 1455 1112 domi
1478 1049 1890 1133 interrogabat
1906 1050 1996 1114 de·
2012 1072 2222 1135 puero,
2303 1094 2310 1099 -

158 1167 353 1231 quem
410 1146 672 1215 Evadne
716 1146 1069 1231 peperisset.
1156 1146 1403 1212 Phoebo
1456 1149 1625 1213 enim
1685 1151 1888 1234 ipsum
1944 1155 2225 1216 narrabat

164 1250 445 1330 genitum
490 1268 625 1311 esse
666 1284 756 1296 —-·
783 1252 990 1332 patre3
1034 1248 1437 1333 futurumque
1458 1254 1637 1314 inter
1684 1251 1966 1315 homines
2013 1260 2220 1315 vatem
2239 1270 2350 1317 Ant.
2372 1274 2418 1318 3.

165 1352 442 1415 omnium
474 1349 826 1414 mortalium
856 1350 1452 1434 prmmntbsimum‚
1477 1371 1677 1435 neque
1697 1373 1972 1437 unquam
1990 1353 2244 1416 caritu--
2301 1338 2384 1385 ⁸4·

170 1471 292 1517 mm
312 1453 636 1538 progeniez
725 1453 833 1517 Sic
859 1454 1071 1537 utique
1098 1455 1441 1518 nuntiabat.
1527 1455 1633 1519 nli
1658 1463 1865 1517 autem
1893 1460 2015 1517 'nec
2045 1455 2224 1519 audi-

172 1554 316 1619 visse
338 1577 457 1618 noc
478 1556 701 1620 vidisse
723 1577 790 1619 se
806 1557 1241 1619 adseverabant
1264 1557 1590 1637 infantem,
1615 1558 1730 1622 etsi
1761 1556 2225 1641 quinto-abhinc

174 1654 267 1718 die
294 1666 550 1734 natnm3
596 1658 909 1721 enimvero
938 1658 1165 1721 latebat
1194 1658 1299 1721 illo
1326 1657 1393 1721 in
1413 1657 1616 1742 junco
1642 1661 1982 1742 rubetoque
2010 1658 2225 1738 denso,

177 1778 424 1841 corpore
476 1767 683 1821 tenero
732 1756 1031 1820 violarum
1082 1758 1251 1821 flavis
1299 1768 1364 1821 et
1406 1759 1727 1844 purpureis
1787 1759 1982 1841 (roris)
2046 1759 2228 1822 radiis

179 1858 547 1921 madefacto.
626 1857 951 1942 Propterea
979 1859 1166 1922 etiam
1198 1867 1392 1924 mater
1438 1858 1624 1944 jussit
1651 1859 1850 1922 vocari
1880 1880 2026 1923 eum
2057 1857 2231 1922 omni

178 1969 455 2044 tempore
480 1996 569 2009 --
596 1959 712 2023 hoc
738 1959 994 2022 nomine
1029 1959 1385 2025 immortali.
1483 1960 1704 2024 Suavis
1732 1981 1871 2024 vero
1899 1969 2230 2045 postquam
2249 1975 2339 2037 Ep.
2368 1976 2418 2020 3.

178 2083 319 2126 auro
345 2070 655 2125 coronatae
708 2064 990 2147 (pulcrae)
1027 2062 1265 2148 accepit
1300 2063 1642 2147 pubertatis
1682 2064 1977 2141 fructum,
2007 2064 2075 2126 in
2122 2064 2235 2126 Al·
2313 2038 2392 2087 ⁹⁵·

176 2165 405 2247 pheum
425 2164 698 2227 medium
716 2165 1023 2248 ingressus
1051 2164 1365 2228 invocavit
1382 2173 1568 2228 noctu
1591 2167 1707 2228 sub
1731 2165 1834 2227 dio
1869 2164 2240 2247 Neptunum

179 2264 295 2328 late
337 2275 659 2349 potentem
704 2286 887 2349 suum
931 2287 1139 2345 avum,
1168 2275 1234 2330 et
1260 2266 1704 2329 arcitenentem
1752 2262 1900 2328 Deli
1944 2263 2244 2328 divinitus

182 2367 447 2431 fundatae
478 2366 825 2446 custodem,
849 2376 1064 2452 petens
1090 2367 1207 2432 sibi
1228 2368 1554 2453 publicum·
1579 2367 1902 2451 quendam.
1920 2366 2243 2431 honorem.
2359 2440 2364 2447 ,
2411 2352 2430 2361 ’

190 2465 530 2553 Respondit
559 2477 771 2532 autem
804 2469 1061 2534 veridica
1085 2479 1333 2555 paterna
1350 2493 1494 2553 vox,
1513 2472 2242 2557 compellavitqueaeeumz
2369 2484 2376 2491 '

194 2571 324 2653 Age
351 2572 459 2652 fili,
487 2572 617 2636 hue
643 2593 897 2656 sequere
917 2595 1153 2654 vocem,
1182 2584 1253 2639 ut
1274 2574 1347 2639 in
1374 2573 1690 2659 regionem
1734 2573 2025 2640 omnibus
2069 2596 2245 2638 com-

200 2693 449 2736 munem
482 2676 799 2758 (futuram)
834 2676 1174 2740 veniamus.
1219 2716 1309 2728 --
1349 2679 1560 2763 Atque
1590 2678 1680 2743 sic
1711 2687 2010 2742 venerunt
2035 2679 2147 2741 alti
2171 2678 2248 2742 ad
2266 2696 2360 2745 Str.
2394 2701 2442 2744 4.

205 2782 438 2856 petram
468 2776 762 2840 excelsam
782 2775 1016 2855 Cronii,
1044 2778 1153 2841 ubi
1181 2780 1239 2841 ei
1268 2780 1532 2862 praebuit
1553 2779 1906 2843 thesaurum
1929 2778 2251 2862 geminum
2301 2764 2413 2809 ²⁰⁹·

200 2873 634 2940 divinationis:
679 2888 821 2942 tunc
849 2879 1103 2963 quidem
1146 2900 1362 2942 vocem
1392 2879 1598 2942 audire
1640 2879 2104 2942 mendaciorum
2141 2898 2256 2939 ue-

198 2977 422 3056 seiam3
466 2980 712 3062 quando
740 3002 882 3044 vero
907 2979 1464 3057 audaxflercules,
1480 2986 1813 3061 augustum
1837 2976 2262 3040 Aloaeidarum

201 3097 470 3159 germen,
500 3081 758 3160 venerit,
790 3080 1096 3165 patrisque
1123 3082 1354 3144 festum
1384 3081 1672 3162 frequens
1719 3076 2098 3156 hominibuS‚
2129 3096 2263 3140 cer-

202 3181 621 3266 taminumque
646 3203 1013 3267 magnorum
1042 3182 1383 3259 sollemnia,
1415 3180 1493 3244 ad
1514 3179 1557 3244 J
1560 3178 1689 3244 ovis
1716 3199 1881 3243 aram
1902 3178 2264 3243 altissimam

200 3281 548 3362 instituerit,
576 3293 715 3348 tum
745 3305 888 3347 vero
932 3284 1363 3349 vaticiniorum
1410 3283 1705 3370 sacellum
1753 3280 2018 3345 condere
2055 3280 2264 3366 jussit.

203 3422 287 3434 —-
304 3384 400 3449 Ex
431 3405 557 3468 quo
574 3393 853 3470 tempore
871 3384 1152 3449 inclitum
1174 3384 1332 3448 inter
1350 3383 1607 3447 Graecos
1640 3381 1682 3448 J
1685 3381 2025 3446 amidarum
2045 3404 2266 3467 genus·
2284 3402 2399 3452 Ant.
2419 3404 2470 3450 4.

208 3484 397 3551 Simul
457 3489 730 3552 fortunae
778 3507 926 3571 opes
984 3486 1107 3571 (iis)
1159 3488 1574 3570 contigerunt.
1661 3483 1938 3548 Colendo
1983 3503 2126 3548 vero
2172 3507 2266 3566 ea,
2322 3468 2431 3538 ²²⁰·-

208 3609 339 3673 quae
379 3587 595 3652 laudes
636 3590 870 3666 serunt,
921 3589 1259 3671 conspicua
1295 3589 1395 3651 via
1436 3585 1754 3688 ipcedunt.
1839 3584 2068 3650 Probat
2110 3607 2265 3671 opus

211 3712 536 3775 quemque.
625 3689 1015 3754 Obtrectatio
1043 3698 1248 3754 autem
1281 3690 1538 3754 aliorum
1567 3687 1910 3752 invidorum
1954 3687 2273 3773 impendet

204 3791 297 3868 iis,
328 3788 558 3873 quibus
587 3786 920 3871 aliquando
960 3788 1162 3871 primo
1193 3790 1329 3851 loco
1358 3786 1684 3851 duodecies
1712 3785 1777 3849 in
1821 3786 2022 3871 spatio
2049 3786 2275 3851 decur-
2336 3865 2346 3873 ‚

200 3891 473 3956 rentibus
515 3888 866 3953 veneranda
911 3889 1182 3953 adstillat
1227 3889 1443 3953 Gratia
1469 3887 1804 3972 gloriosum
1844 3891 2117 3952 vultum.
2204 3886 2278 3949 Si
2311 3911 2318 3922 ·

199 4002 403 4058 autem
457 4011 601 4055 vere
658 3992 774 4069 tui,
822 4012 887 4053 o.
914 3991 1168 4074 Agesia,
1214 3990 1473 4055 materni
1518 3986 1782 4074 majores
1832 3987 1946 4052 sub
1994 3988 2280 4071 Cyllenes

201 4107 413 4160 moute
460 4132 558 4146 -
608 4093 967 4157 habitantes
1006 4093 1391 4158 Mercurium
1436 4092 1708 4164 deorum,
1744 4109 2129 4177 praeconem,
2173 4084 2280 4170 qui
2298 4097 2391 4161 Bp.
2421 4099 2475 4147 4.

198 4201 542 4265 certamina
570 4261 575 4266 ,
602 4206 957 4282 sortemque
1008 4198 1405 4282 praemiorum
1453 4198 1775 4279 gubernat,
1834 4188 2283 4272 Arcadiamque
2333 4164 2449 4212 ¹3¹·

22 4321 25 4390 g
200 4300 416 4365 ineolis
446 4299 774 4382 insignem
804 4309 993 4378 amat,
1026 4302 1293 4364 multum
1320 4297 1535 4364 multis
1563 4293 1948 4380 supplicibus
1976 4286 2288 4355 sacrificiis

201 4401 485 4487 religiose
517 4402 856 4467 coluerunt
874 4422 894 4463 ε
936 4401 1041 4474 ille
1068 4411 1185 4480 est,
1212 4400 1323 4486 qui
1339 4420 1482 4463 cum
1515 4396 1889 4480 gravistrepo
1906 4395 2079 4473 patre
2095 4397 2295 4473 tuam,
