2925 5150
970 472 1427 545 CAR-MEN.
1458 475 1580 544 111.
2228 474 2314 553 Qs

226 640 777 726 vm1reipublicae
804 643 1331 735 administratione
1348 645 1727 729 rectilinguis
1744 644 1833 709 vir
1852 651 2220 729 praestan-et
2235 643 2303 708 iu

219 762 453 826 regno,
479 749 557 809 et‘
574 746 829 829 quando
855 748 1239 813 tumultuans
1265 749 1551 833 populus,
1581 755 1644 811 et
1668 746 1910 831 qnando
1931 768 2080 813 rem
2091 743 2304 831 publi-

219 865 387 910 oum
400 847 722 933 sapientes
755 857 991 914 tenent.
1078 850 1217 915 Nec
1248 859 1458 919 tamen
1488 851 1579 913 fas
1604 860 1699 913 est
1728 870 1874 913 curn
1901 848 2016 913 deo
2041 858 2302 913 conten·

174 952 183 963 '
213 946 402 1025 dere,
425 984 521 1007 u·-
538 952 657 1035 qui
684 952 887 1015 evehit
908 952 1224 1018 interdum
1242 953 1491 1039 quidem
1517 974 1615 1018 res
1631 952 1900 1031 illorum,
1919 971 2086 1015 nunc
2100 972 2304 1035 rursus
2333 959 2418 1022 Ερ.
2443 968 2493 1013 4.

212 1067 387 1114 vero
407 1052 542 1116 aliis
568 1053 719 1117 dane
736 1056 895 1117 solet
922 1073 1214 1137 magnam
1232 1054 1517 1138 gloriam.
1603 1053 1732 1118 Sed
1764 1066 1964 1138 neque
1994 1052 2136 1117 haec
2165 1053 2283 1116 ni·
2361 1028 2470 1078 ¹⁶3

208 1155 712 1237 mphnnt
754 1154 1121 1225 invidomm.
1208 1157 1386 1249 Dum
1438 1157 1606 1222 enim
1643 1155 1957 1220 trutinant
2028 1154 2308 1237 (alter-ms

207 1253 634 1336 hanandune
662 1254 969 1341 depressa,
998 1274 1114 1323 suo
1143 1258 1312 1329 cordi
1341 1260 1566 1330 vulnus
1592 1256 2094 1323 dolentissimum
2140 1256 2305 1325 infli-

210 1358 617 1438 gerenoleut,
647 1367 978 1444 antequam
1004 1381 1098 1439 ea,
1126 1382 1271 1445 quae
1292 1383 1453 1427 cum
1472 1350 1885 1426 sollicitudine
1907 1358 2305 1438 meditantur,

216 1457 659 1544 adsequantur.
704 1514 709 1521 .
748 1461 934 1531 Ferre
979 1484 1121 1528 vero
1146 1464 1360 1529 leviter
1389 1464 1660 1529 humeris
1688 1460 2044 1547 impositum
2066 1458 2298 1546 jugum

208 1560 393 1645 juvat
410 1584 433 1627 ι
454 1634 457 1637 ,
475 1572 544 1629 at
571 1575 791 1645 eontra
832 1562 1155 1637 stimulum
1202 1566 1538 1646 calcitrare,
1581 1573 1674 1629 est
1719 1561 2066 1650 perniciosa
2113 1563 2293 1626 ratio.

212 1661 554 1731 Probat-m
578 1687 728 1733 vero
753 1667 939 1737 liceat
964 1689 1065 1733 me
1093 1684 1240 1733 cum
1269 1667 1451 1734 bonis
1493 1665 1849 1733 conversari.

880 2038 885 2041 *
1018 2036 1504 2116 PYTH.111.

592 2224 1122 2311 EIDEM
1180 2204 1929 2320 HIERONI,

914 2442 1166 2520 EQUO
1227 2441 1619 2508 CELE'I'E.

224 2619 473 2709 Vnum
502 2637 834 2707 Chironem
866 2631 1264 2725 Phillyridem
1291 2659 1308 2704 e
1355 2639 1406 2703 si
1434 2641 1527 2704 fas
1556 2649 1670 2722 est,
1702 2639 1855 2706 illud
1892 2661 2033 2706 mea
2072 2641 2291 2726 lingua
2314 2672 2406 2722 5⁸„
2437 2680 2484 2723 ¹,

228 2748 479 2838 vulgare
530 2753 729 2830 optare
793 2743 1032 2808 dictum
1062 2767 1081 2806 ι
1128 2746 1238 2822 (ex
1264 2741 1502 2824 vulgari
1538 2742 1875 2826 formulaz)
1933 2744 2294 2808 reviviscere

225 2847 496 2932 (utinam
527 2846 934 2928 revivisceret)
965 2844 1360 2921 defunctum,
1391 2842 1690 2908 Uranidae
1720 2846 1995 2907 sobolem
2045 2864 2295 2926 praepo-

217 2961 452 3017 tentem
503 2950 780 3033 Saturni,
826 2946 1208 3030 vallibusque
1259 2943 1466 3008 denuo
1521 2943 1818 3028 imperare
1862 2944 2045 3022 Pelii,
2095 2944 2295 3005 ferum

213 3057 462 3144 quidem
510 3052 811 3141 (corporis
854 3048 1092 3138 specie)
1136 3054 1469 3132 agrestem,
1515 3045 1621 3110 sed
1691 3053 1902 3109 mente
1960 3041 2293 3130 praeditum

213 3157 569 3224 hominibus
606 3156 849 3234 amica;
882 3152 1081 3238 qualis
1110 3147 1393 3216 educavit
1419 3146 1571 3212 olim
1603 3148 1897 3213 artificem
1932 3147 2150 3238 mitem
2189 3134 2292 3209 iu·

212 3260 496 3328 dolentiae
551 3258 828 3345 corpori·
799 3253 1110 3320 -salutaris
1157 3250 1617 3336 AEsculapium,
1670 3250 1947 3331 heroem,
2003 3247 2288 3314 omnium

212 3361 704 3452 propulsatorem
735 3359 1116 3436 morborum,
1145 3392 1236 3403 —-
1267 3374 1452 3438 quem
1488 3352 1782 3438 equestris
1814 3352 2113 3438 Phlegyae
2164 3349 2290 3415 filia
2315 3363 2429 3415 Ant.
2457 3367 2536 3414 14.-

215 3476 533 3552 antequam
570 3460 910 3549 peperisset
937 3477 1085 3524 cum
1134 3453 1443 3542 (juvante)
1485 3456 2124 3541 matribus-praesente
2151 3454 2290 3519 Lu·

212 3567 361 3650 cina,
387 3566 645 3633 domita
672 3561 870 3628 aureis
890 3560 1128 3647 sagittis
1151 3556 1379 3622 Dianae
1400 3556 1465 3621 in
1491 3555 1774 3621 Plutonis
1792 3557 2049 3621 domum
2069 3556 2132 3619 in
2152 3555 2292 3620 tha·

208 3671 363 3735 lamo
387 3665 724 3736 descendit
752 3685 949 3781 opera·
964 3657 1290 3782 Apollinis.
1378 3660 1480 3725 Ira
1503 3659 1668 3724 enim
1694 3681 1820 3724 non
1851 3659 2018 3723 irrita
2044 3666 2138 3723 est
2165 3658 2289 3724 fili·

204 3789 368 3837 orum
412 3770 637 3838 Jovis.
723 3765 843 3831 Illa
888 3765 1184 3829 nimirum
1208 3770 1528 3826 contemto
1559 3762 1714 3846 ipso,
1747 3761 2063 3847 (Apolline
2094 3781 2294 3826 errore

202 3874 443 3955 mentis,
476 3871 644 3937 alias
678 3868 955 3955 probavit
984 3865 1253 3947 nuptias,
1280 3864 1438 3928 clam
1459 3871 1652 3949 patre,
1674 3871 1859 3927 antea
1875 3885 2024 3928 eum
2043 3862 2340 3927 intonso

199 3994 623 4041 consuescens
641 3968 913 4048 Phoebo,
936 4006 1026 4016 —-
1017 3973 1107 4030 et
1126 3976 1373 4050 gestans
1393 3985 1606 4031 semen
1626 3964 1726 4028 dei
1745 3972 2051 4028 sanctum.
2137 3943 2302 4026 Non
2315 3986 2408 4051 Ep
2450 3988 2491 4032 ι.

197 4076 489 4142 sustinuit
536 4070 841 4140 accedere
883 4068 957 4133 ad
990 4068 1202 4154 epulas
1233 4067 1561 4154 nuptiales,
1594 4087 1795 4153 neque
1825 4066 1902 4131 ad
1931 4063 2292 4129 omnisono-
2317 4054 2400 4099 ²⁷·

196 4200 321 4244 rum
352 4180 852 4265 hymenaeorum
881 4173 1239 4250 clamorem,
1268 4172 1535 4255 aequales
1564 4167 1883 4255 quomodo
1911 4162 2295 4244 virgines-so-

195 4279 317 4346 lent
360 4278 566 4344 socioe
600 4273 972 4360 vespertinis
1007 4270 1365 4356 juveniliter
1390 4272 1605 4339 ludere
1651 4268 1959 4334 cantibus.
2045 4260 2135 4323 At
2155 4283 2305 4329 vero

350 4401 499 4447 vol..
551 4395 639 4443 11.
716 4411 729 4418 ·
785 4397 793 4401 ’
1242 4392 1283 4438 F
1400 4406 1409 4414 ·
