2925 5150
868 438 1329 517 CARMEN
1377 442 1494 511 lv.
2182 449 2265 509 48

182 620 391 678 turum
430 631 568 677 esse
617 605 983 691 (Jasonem)
1028 611 1325 675 laborem.
1407 612 1775 696 Repositum
1817 612 1984 679 enim
2034 621 2165 677 erat
2194 611 2262 677 in

180 715 365 794 saltu,
384 710 798 795 draconisque
818 709 1276 777 custodiebatur
1290 712 1637 777 saevissimis
1654 713 1851 793 malis,
1870 715 1975 801 qui
1990 714 2262 781 crassitie

180 804 704 902 lo'ngitudineque
728 811 1531 898 quinquaginta-remorum
1561 835 1782 878 navem
1812 814 2031 901 (ipsam
2062 819 2259 901 Argo)

172 921 538 1006 superabat,
575 937 759 1002 quam
807 924 1277 981 construxerant
1320 917 1481 981 ictus
1522 918 1688 982 fei-ri.
1732 956 1821 967 —
1861 918 2080 1003 Longe
2108 920 2263 984 mihi
2289 946 2380 1007 Ep.
2408 953 2486 998 11.

170 1020 282 1103 (in
331 1030 583 1107 promtu
623 1020 814 1096 esset)
867 1018 1194 1105 procedere
1238 1019 1304 1084 in
1332 1020 1470 1085 via:
1535 1020 1973 1106 opportunitas
2017 1020 2265 1105 quidem
2319 1012 2430 1060 43⁹·
2511 1064 2524 1085 .

161 1126 458 1192 adesset:
502 1123 607 1189 sed
624 1123 769 1187 novi
786 1122 975 1187 etiam
994 1124 1277 1189 semitam
1297 1124 1613 1210 quandam
1639 1127 1912 1204 brevem,
1932 1124 2269 1209 multisque

162 1227 468 1315 praecello
495 1225 754 1292 artificio
798 1226 980 1309 (hoc)
1011 1227 1167 1292 aliis·
1256 1228 1492 1309 (Verbo
1512 1232 1564 1310 z)
1609 1216 1936 1295 Interfecit
1982 1229 2088 1293 ille
2118 1238 2267 1309 arte,

166 1330 604 1397 caesiis-oculis
647 1331 1138 1416 varioque-tergo
1177 1336 1556 1418 serpentem‚'
1580 1355 1620 1397 o
1648 1333 1946 1413 Arcesila,
1978 1334 2268 1417 clamque

178 1436 441 1501 abduxit
469 1435 767 1500 Medeam
799 1442 948 1500 cum
965 1436 1211 1516 vellere,
1234 1435 1427 1501 Peliae
1451 1446 1761 1519 mortem3
1792 1438 1869 1502 ad
1897 1435 2263 1521 Oceanique

168 1548 435 1622 pontum
453 1546 848 1603 accesserunt
865 1560 1151 1624 mareque
1176 1540 1431 1605 rubrum
1454 1540 1985 1625 Lemniarumque
2000 1548 2258 1624 gentem

171 1643 545 1715 feminarum
587 1639 1004 1721 viricidarum‚
1037 1641 1144 1705 ubi
1173 1651 1235 1705 et
1266 1643 1685 1709 membrorum
1719 1642 1785 1707 in
1814 1640 2257 1707 certaminibus

168 1745 592 1808 exhibuerunt
635 1745 983 1830 specimen,
1005 1755 1182 1813 ‚veste
1218 1745 1462 1828 nudati,
1491 1784 1583 1795 -
1610 1754 1675 1809 et
1715 1751 1889 1827 (cum
1921 1744 2072 1825 iuis)
2105 1765 2253 1808 con·
2279 1749 2377 1798 Str·
2405 1753 2486 1803 12.

169 1855 532 1907 sueverunt.
617 1847 819 1929 Atque
878 1856 1040 1925 tum,
1091 1846 1156 1909 in
1204 1848 1541 1933 peregrinis
1591 1848 1741 1913 licet
1794 1847 1988 1928 terris,
2033 1856 2254 1911 vestrae
2311 1815 2424 1865 ‘¹⁶²‘

162 1943 496 2008 felicitatis
523 1940 810 2010 scintillas
843 1947 1090 2031 accepit
1115 1948 1316 2035 fatalis
1357 1949 1489 2013 dies
1515 1951 1613 2033 vel
1640 1958 1871 2012 noctes.
1957 1948 2054 2012 Ibi
2084 1948 2253 2012 enim

158 2066 368 2130 genus
416 2042 733 2130 Euphemi
778 2055 983 2113 satum
1038 2048 1105 2109 in
1153 2059 1469 2133 posterum
1522 2057 1900 2134 perpetuum
1949 2055 2256 2134 (tempus)

164 2148 394 2212 extitit.
468 2146 560 2210 Et
577 2147 1205 2217 Lacedaemoniorum
1233 2148 1493 2233 ingressi
1509 2149 1683 2213 sedes
1701 2156 1916 2234 postea
1930 2144 2257 2233 aliquando

158 2250 232 2314 in
276 2247 599 2314 Callistam
651 2250 995 2334 migrarunt
1046 2248 1336 2314 insulam.
1425 2248 1587 2314 Inde
1612 2272 1755 2315 vero
1786 2249 1958 2313 vobis
1989 2250 2257 2314 Latonae
2337 2304 2343 2315 .

162 2352 328 2417 filius
367 2351 541 2416 dedit
587 2351 852 2434 Libyam
902 2361 1121 2414 terram
1165 2351 1419 2417 deorum
1465 2351 1771 2418 beneficio
1800 2352 2145 2432 colendam,
2176 2353 2253 2417 ad

159 2458 376 2521 urbem
407 2442 789 2520 auritbronae
818 2453 1283 2539 gubernandam
1316 2452 1588 2521 divinam
1633 2448 1904 2542 Cyrenes
1947 2439 2036 2507 -ss
2063 2456 2248 2522 recti-
2274 2466 2391 2519 Ant.
2412 2473 2492 2521 12.

160 2558 605 2624 consultricem
637 2557 1027 2644 prudentiam
1063 2557 1325 2646 adeptis·
1413 2550 1589 2626 Calle
1619 2584 1792 2627 nunc
1827 2559 2054 2648 OEdipi
2080 2559 2245 2647 sapi·
2301 2535 2419 2587 4⁶⁶·

156 2661 432 2724 entiam.
511 2659 775 2724 Etiamsi
820 2660 955 2745 quis
995 2682 1199 2725 ramos
1248 2663 1665 2729 acuta‘securi
1691 2673 1974 2750 amputet
2004 2687 2257 2750 magnae

172 2783 469 2848 quercus,
507 2763 806 2847 fundetque
853 2759 1276 2827 admirandam
1307 2762 1442 2849 ejus
1471 2766 1784 2851 speciem:
1832 2771 2075 2847 (tamen
2119 2769 2257 2848 illa)

167 2867 290 2930 etsi
332 2865 556 2929 sterilis
584 2865 832 2947 reddita,
862 2868 969 2932 dat
996 2886 1128 2928 suae
1160 2873 1398 2929 naturae
1438 2877 1897 2950 argumentum,
1924 2867 1977 2929 si
2007 2867 2258 2949 quando

162 2969 463 3033 hibernus
491 2967 654 3052 ignis
681 2968 787 3033 illa
810 2969 921 3033 fiat
949 2968 1028 3032 ad
1054 2977 1432 3048 extremum,
1464 2978 1583 3032 aut
1605 2966 1791 3031 rectis
1819 2966 2114 3031 herilibus
2159 2968 2258 3048 (in

166 3072 298 3137 heri
315 3072 538 3152 domo)
558 3072 867 3136 columnis
891 3073 1053 3136 fulta
1071 3076 1398 3155 (tanquam
1425 3072 1625 3150 trabs)
1645 3090 1805 3134 onus
1823 3068 1958 3133 aliis
1978 3069 2045 3133 in
2068 3068 2258 3132 muris

161 3172 412 3251 difficile
440 3173 774 3256 sustineat,
804 3174 1238 3258 suoderelicto
1265 3176 1425 3240 loco,
1468 3185 1559 3224 k-
1601 3172 1879 3238 Tussvero
1920 3173 2064 3237 ades
2117 3193 2253 3237 me·
2281 3183 2370 3247 Ep.
2406 3190 2491 3236 η.

120 3341 127 3348 .
156 3279 331 3344 dicus
395 3278 962 3363 opportunissimus
987 3302 1005 3354 3
1072 3277 1391 3362 Paeanque
1474 3287 1649 3343 tuam
1723 3276 1985 3342 honorat
2062 3271 2249 3342 vitam
2309 3252 2427 3300 4⁸⁰·

166 3382 361 3462 (favet
386 3380 562 3461 tibi).
649 3380 918 3467 Oportet
948 3380 1123 3448 molli
1154 3401 1346 3450 manu
1372 3380 1651 3446 adhibita
1678 3402 1748 3444 os
1777 3380 2043 3445 vulneris
2088 3390 2249 3444 trac-

171 3493 322 3546 tare.
408 3481 622 3547 Facile
653 3482 884 3568 quippe
914 3493 1007 3548 est
1025 3483 1335 3548 civitatem
1356 3491 1687 3547 concutere
1706 3483 1890 3547 etiam
1918 3482 2249 3547 imbecilli-

162 3586 391 3651 oribus,
480 3588 572 3650 At
599 3587 667 3650 in
698 3586 840 3651 sede
870 3589 1096 3652 iterum
1128 3587 1447 3666 collocare,
1482 3584 1732 3650 difficile
1761 3587 1975 3670 utique
2005 3594 2123 3666 est,
2148 3584 2248 3648 in·-

161 3687 415 3772 opinato
445 3691 570 3754 nisi
599 3689 752 3754 deus
774 3689 1156 3776 principibus
1187 3691 1562 3774 gubernator
1577 3689 1858 3754 adfuerit.
1941 3686 2092 3752 Tibi
2109 3709 2250 3752 vero

160 3790 380 3856 harum
412 3777 617 3857 rerum
651 3792 1006 3859 contexitur
1037 3793 1242 3857 decus.
1334 3790 1659 3857 Persevera
1681 3792 1923 3855 felicem
1956 3791 2022 3855 in
2055 3790 2248 3875 Cyre·

154 3915 285 3957 nen
334 3896 695 3981 impendere
760 3895 1036 3962 studium
1104 3916 1313 3960 omne.
1357 3932 1447 3943 --
1492 3893 1967 3958 Homericarum
2037 3901 2248 3956 autem
2271 3898 2367 3948 Str·
2391 3902 2475 3950 ¹³·

155 3996 346 4061 etiam
374 3997 538 4062 hanc
569 3997 970 4062 considerans
999 3996 1371 4062 sententiam
1397 4019 1581 4061 cura:
1629 3996 1947 4059 Nuntium
1976 3992 2250 4078 pruden·
2293 3967 2407 4086 ⁴3³·

154 4105 310 4178 tem,
335 4098 568 4186 inquit,
603 4100 908 4166 bonorem
939 4100 1279 4168 maximum
1312 4099 1612 4183 (adeoque
1639 4099 2026 4174 successum)
2054 4110 2252 4171 nego·

152 4199 241 4263 tio
286 4201 470 4269 cuivis
520 4204 774 4268 afferre.
864 4205 1151 4290 Augetur
1197 4201 1351 4266 adeo
1411 4201 1708 4283 (honore)
1765 4187 1959 4262 Musa
2003 4209 2254 4276 quoque

155 4306 362 4373 nuntio
383 4317 599 4376 recto·
701 4303 1021 4388 Cognovit
1054 4305 1292 4390 Cyrene
1318 4313 1383 4368 et
1412 4298 1809 4366 celeberrima
1831 4296 2054 4388 domus
2082 4288 2257 4354 Batti
