2925 5150
982 476 1446 543 CARMEN
1492 479 1609 544 IX.
2239 488 2312 544 51

227 640 420 707 evolat
449 645 617 708 alata
660 644 917 722 virtute,
946 645 1183 711 habens
1222 648 1708 731 prtestantiorem
1757 651 2023 716 fructum
2072 650 2316 718 divitia-
2337 638 2360 645 ’

226 764 387 810 rum.
476 748 569 810 At
617 746 789 810 enim
840 746 1006 810 brevi
1050 748 1405 814 mortalium
1447 750 1707 815 felicitas
1751 751 1998 828 crescit3
2042 754 2127 819 sic
2169 774 2313 818 vero

221 849 412 913 etiam
449 848 673 933 (brevi)
707 849 971 934 procidit
1004 849 1201 929 humi,
1234 852 1461 915 infesto
1506 852 1754 917 decreto
1786 856 1966 938 (fato)
2000 866 2305 941 quassata.

217 985 313 998 —-
354 948 521 1014 Diei
547 951 733 1015 unius
751 958 893 1029 (nos
916 950 961 1019 l)
996 950 1311 1020 Quidnam
1345 962 1438 1017 est
1456 954 1644 1038 quis?
1694 955 1844 1041 quid
1869 966 2104 1021 nonest
2124 958 2301 1040 quis?
2333 960 2484 1023 ΕΜ·
2504 964 2551 1012 5·

225 1050 488 1118 Ur‘nbrae
514 1051 831 1117 somnium
865 1051 1174 1118 homines.
1264 1054 1431 1120 Cum
1473 1065 1685 1122 tamen
1735 1059 2024 1143 splendor
2052 1060 2307 1127 a-Jove-
2376 1030 2487 1075 ¹⁸⁵‘

217 1152 402 1218 datus
431 1154 693 1235 venerit,
724 1155 972 1239 fulgens
1013 1156 1187 1220 adest
1227 1159 1441 1222 lumen
1474 1159 1804 1225 hominum
1836 1171 1900 1226 et
1924 1163 2128 1227 suavis
2167 1164 2309 1228 vita.

220 1257 279 1322 Ο
306 1255 565 1341 AEgina,
591 1277 734 1323 cara
761 1266 981 1337 mater,
1014 1258 1212 1323 libero
1255 1263 1491 1345 populo
1531 1261 1847 1328 civitatem
1879 1264 2115 1329 hancce
2145 1284 2314 1347 cura,

225 1380 361 1424 cum
390 1359 550 1425 Jove
587 1367 654 1423 et
691 1381 840 1444 rege
870 1359 1094 1441 AEaco,
1127 1361 1442 1448 Peleoque
1474 1372 1535 1427 et
1562 1366 2078 1450 praestantissimo
2120 1368 2307 1433 Tela-

227 1484 403 1527 mone
429 1482 709 1546 cumque
741 1460 1009 1527 Achille.
1404 1474 1411 1485 ’

998 1808 1327 1945 PYTHss
1372 1871 1510 1950 lx.

356 2047 527 2132 TE
568 2048 737 2134 LE
772 2051 1005 2136 sm
1046 2053 1389 2139 RATl
1471 2056 2196 2161 GYRENAEo,

828 2272 1211 2333 ARMATo
1265 2273 1714 2367 cunsom.

236 2440 425 2533 Vm„
461 2468 1399 2553 aereum—clypeum—gestantem
1432 2471 1767 2560 Pythicum
1793 2482 2086 2550 victorem
2117 2488 2300 2556 Tele·
2330 2500 2429 2550 Su·-
2461 2501 2512 2548 1.-
2557 2476 2562 2481 ¹

246 2569 498 2638 sicratem
517 2596 661 2639 cum
693 2570 1173 2660 (adjuvantibus)
1202 2578 1677 2661 pulcre-cinctis
1695 2589 2037 2672 praedicans
2071 2592 2304 2660 Gratiis
2404 2570 2416 2598 ι

250 2674 549 2756 celebrare,
576 2678 822 2742 felicem
848 2675 1075 2755 virum,
1097 2680 1394 2762 equestris
1421 2681 1611 2748 decus
1636 2686 1927 2772 Cyrenes,
1943 2714 2131 2777 quam
2153 2720 2302 2762 ven-

252 2775 503 2863 tistrepis
532 2800 603 2842 ex
633 2779 788 2846 Pelii
810 2781 1153 2846 recessibus
1184 2792 1470 2858 comatus
1501 2791 1822 2872 quondam
1850 2796 2113 2861 Latonae
2146 2801 2308 2864 filius

240 2878 447 2964 rapuit,
479 2881 761 2969 vexitque
805 2904 994 2949 aureo
1040 2882 1342 2968 virginem
1389 2889 1769 2954 venatricem
1821 2913 2003 2960 curru
2055 2900 2149 2973 (in
2195 2901 2309 2964 Li-

235 2982 474 3066 byam)=
538 2985 644 3050 ubi
686 3006 827 3050 eam
859 3006 1172 3071 pecorosae
1201 2995 1266 3050 et
1312 2988 1932 3077 maxime-frugifera}
1986 3000 2311 3067 constituit

236 3081 529 3153 dominam
580 3096 784 3171 terrae,
815 3097 887 3152 ut
913 3089 1178 3154 radicem
1228 3090 1487 3172 (solum)
1521 3092 1685 3158 orbis
1716 3103 2010 3163 terrarum
2058 3103 2303 3170 tertiam

233 3187 539 3255 amabilem
571 3191 891 3255 florentem
916 3191 1308 3259 inhabitaret.
1351 3231 1445 3243 —-
1479 3192 1761 3283 Excepit
1790 3219 1932 3266 vero
1955 3206 2308 3293 argentipes
2327 3211 2442 3263 Ant.
2462 3215 2541 3262 16.

233 3284 426 3354 Venus
472 3292 750 3358 Delium
804 3293 1145 3380 hospitem,
1191 3295 1433 3361 divinos
1487 3319 1702 3365 currus
1755 3304 2067 3391 attingens
2115 3332 2306 3379 manu

231 3388 425 3457 leviter
439 3416 462 3473 3
506 3395 916 3481 ipsorumque
943 3396 1110 3461 dulci
1131 3401 1445 3465 connubio
1466 3401 1796 3468 amabilem
1824 3407 2113 3493 adjunxit
2134 3434 2304 3480 vere·

242 3493 529 3577 cundiam,
564 3498 821 3583 nuptias
848 3498 967 3563 deo
994 3521 1218 3586 parans
1250 3525 1397 3570 cum
1429 3511 1837 3590 praepotentis
1866 3512 1992 3579 filia
2020 3516 2296 3604 Hypsei3

237 3595 331 3675 qui
354 3595 766 3683 Lapitharum
796 3600 1208 3670 violentorum
1236 3614 1389 3670 tunc
1413 3616 1541 3671 erat
1557 3630 1686 3690 rex,
1705 3614 1782 3676 ab
1802 3615 2059 3683 Oceano
2086 3644 2313 3706 genere

235 3692 390 3761 heros
429 3700 751 3767 secundus
764 3725 784 3781 3
831 3724 974 3768 eum
1006 3705 1158 3771 olim
1204 3706 1391 3772 Pindi
1433 3710 1612 3773 claris
1642 3711 1708 3775 in
1738 3720 2116 3788 convallibus
2158 3726 2317 3791 Nais

229 3796 511 3868 delectata
541 3803 745 3870 Penei
774 3806 940 3869 lecto
984 3804 1221 3871 Creusa
1246 3822 1567 3894 pepererat
1598 3814 1900 3884 -Terrae
1949 3821 2016 3886 fil
2027 3823 2108 3889 ia.
2149 3821 2309 3891 illle
2342 3841 2437 3904 Β).
2462 3841 2545 3886 31·

227 3910 419 3967 autem
434 3904 1012 3971 lacertis-decoram
1035 3908 1319 3975 educavit
1339 3911 1529 3977 filiam
1556 3915 1862 4003 Cyrenen,
1879 3945 2021 4008 quae
2068 3930 2320 4012 quidem

224 4021 408 4088 neque
452 4007 733 4072 telarum
761 4010 1140 4094 retrogradas
1184 4015 1412 4078 amavit
1461 4016 1610 4098 vias,
1643 4041 1841 4105 neque
1899 4028 2320 4097 conviviorum

224 4101 588 4174 domesticas
634 4108 799 4175 inter
839 4112 1035 4178 socias
1077 4118 1554 4200 oblectationes,
1600 4123 1709 4186 sed
1742 4121 2088 4208 jaculisque
2133 4135 2322 4198 oeneis

225 4212 649 4297 venabuloque
673 4234 966 4298 pugnans
1001 4219 1373 4286 conficiebat
1388 4222 1550 4288 feras
1577 4224 1839 4289 bestias:
1887 4225 2152 4293 multam
2186 4254 2327 4317 pro-

225 4310 371 4378 fecto
394 4323 460 4381 et
491 4316 903 4401 tranquillam
949 4323 1239 4390 armentis
1281 4324 1675 4391 securitatem
1707 4324 1990 4412 praebens
2020 4336 2328 4416 paternis3
