2925 5150
1065 514 1617 580 CARMBNJ.
2330 466 2366 579 ὲ

218 758 227 767 .
303 701 459 768 dixit
483 726 500 767 z
547 703 865 768 Amabilis
888 703 1053 779 dona
1073 700 1350 779 Veneris,
1379 722 1515 784 age,
1545 700 1783 783 siquid,
1810 698 2125 782 Neptune,
2153 693 2368 782 gratim

300 805 469 890 apud
497 818 565 868 te
586 806 845 883 habent,
875 803 1095 867 cobibe
1138 803 1371 872 hastam
1420 801 1722 873 OEuomai
1759 820 2006 878 oeream,
2034 790 2259 885 meque
2301 797 2366 861 in

296 905 709 970 velocissimis
723 904 919 968 deduc
935 904 1208 968 curribus
1225 904 1301 968 ad
1329 900 1602 981 Elidem,
1627 901 2019 984 victoriaeque
2045 903 2144 964 fac
2192 920 2368 963 com·

214 994 221 1005 ’
306 1018 525 1093 potem
552 1031 573 1086 3
622 1028 763 1070 uam
797 1003 1243 1089 tredecimujam
1276 1005 1657 1081 amatoribus
1674 1002 2018 1079 iuter-emtis
2032 1001 2230 1077 differt
2247 1022 2370 1071 uu·

295 1110 465 1195 ptias
494 1144 581 1157 -—
598 1108 768 1172 filiae.
872 1108 1180 1192 Magnum
1205 1106 1456 1192 quidem
1477 1105 1816 1170 discrimen
1840 1104 2158 1170 imbellem
2177 1100 2367 1164 virum
2396 1112 2552 1176 Bpod.

294 1232 427 1275 non
456 1210 658 1296 capit3
707 1211 865 1274 mori
890 1220 1122 1275 autem
1170 1209 1397 1295 quibus
1435 1207 1637 1273 fatalis
1683 1208 2015 1273 necessitas
2062 1217 2182 1287 est,
2227 1204 2370 1289 quid
2397 1180 2574 1229 ³'¹²⁹‘

296 1334 512 1399 quaeso
540 1313 763 1396 aliquis
793 1312 1060 1396 ignobile
1088 1311 1357 1393 senium,
1382 1312 1448 1375 in
1475 1311 1748 1376 tenebris
1777 1310 2019 1393 sedens,
2045 1318 2377 1376 consumat

295 1418 540 1496 frustra,
577 1414 864 1480 omnium
894 1415 1143 1480 laudum
1176 1415 1436 1499 expers?
1483 1413 1677 1503 Atqui
1695 1435 1815 1499 ego
1832 1413 2080 1499 quidem
2097 1412 2219 1477 hoc
2241 1432 2376 1475 cer·

294 1530 505 1587 tamen
535 1518 795 1585 subibo:
842 1526 910 1581 tu
945 1540 1085 1582 vero
1115 1526 1404 1581 eventum
1436 1508 1721 1601 optatum
1753 1517 1920 1581 dato·
2008 1515 2119 1579 Sic
2166 1512 2328 1579 dixit
2347 1537 2370 1577 t

299 1642 505 1707 neque
526 1620 709 1684 irritis
722 1640 1050 1703 aggressus
1076 1628 1170 1683 est
1198 1640 1342 1683 eum
1376 1617 1677 1702 precibus.
1767 1616 1849 1681 Ei
1879 1612 2230 1702 gratificans
2258 1615 2366 1680 <le-¹

301 1723 397 1787 dit
411 1723 560 1786 deus
577 1741 819 1793 currum
842 1741 1096 1787 aureum
1123 1722 1436 1806 alatosque
1476 1719 1811 1784 indefessos
1828 1739 2038 1803 equos.
2080 1756 2171 1769 —-
2197 1718 2365 1799 Tum
2397 1741 2493 1788 su.
2514 1744 2565 1792 4.

314 1828 548 1908 (cursu)
582 1823 725 1891 vicit
754 1822 1150 1888 OEnomaum
1181 1823 1428 1902 fortem,
1455 1821 1885 1907 virginemque
1912 1821 2094 1886 duxit
2144 1819 2366 1907 conjua
2402 1809 2513 1855 ¹⁴²·

303 1946 477 2011 gem,
504 1922 834 2009 genuitque
863 1925 1055 1990 duces
1085 1945 1216 2000 sex,
1235 1924 1551 1989 Virtutum
1572 1924 1882 2001 alumnoS,
1901 1923 2084 1988 filios.
2163 1922 2365 1988 'Nunc

294 2027 529 2097 inferiis
566 2028 899 2112 splendidis
927 2028 1281 2105 honoratur,
1305 2027 1384 2090 ad
1412 2025 1638 2113 Alphei
1667 2027 1908 2091 alveum
1939 2028 2241 2112 sepulum,
2272 2032 2368 2097 tu‘-

296 2132 541 2196 mulum
574 2129 848 2214 undique
876 2139 1191 2215 patentem
1226 2137 1470 2209 nactus,
1501 2129 2126 2216 frequentatissimam
2153 2128 2364 2214 hospi·
2485 2150 2498 2163 ·

298 2234 467 2299 tibus
478 2232 663 2317 ‘apud
677 2254 869 2299 arum.
955 2232 1153 2297 Fama
1181 2252 1324 2303 vero
1345 2229 1592 2317 Pelopis
1621 2230 1865 2295 eminus
1892 2232 2111 2314 fulget,
2143 2230 2366 2312 Olym-

298 2337 583 2424 picorum
612 2338 1030 2403 certaminum
1059 2335 1125 2399 in
1157 2334 1456 2414 cursibus,
1489 2336 1594 2399 ubi
1611 2330 1905 2399 velocitas
1928 2333 2159 2419 pedum
2177 2344 2369 2407 certat

296 2439 591 2525 vigorque
618 2440 856 2505 roboris
885 2460 1189 2505 oerumnas
1205 2440 1589 2523 perferentis,
1609 2439 1926 2523 victorque
1942 2438 2237 2527 reliquam
2259 2463 2368 2528 per

304 2541 489 2610 vitum
520 2541 771 2607 dulcem
802 2551 972 2607 tenet
1019 2541 1374 2606 felicitatem
1413 2540 1789 2607 ——victoriae
1815 2541 2083 2628 praemiis
2105 2543 2224 2608 sibi
2245 2565 2359 2632 pa·
2389 2565 2575 2618 Anu.

300 2653 517 2708 rutam.
596 2643 765 2713 Qu‘ae
796 2655 999 2708 sutem
1042 2654 1398 2708 constanter
1424 2654 1743 2730 permanet
1785 2643 2073 2726 felicitas,
2119 2669 2370 2717 summa
2387 2634 2503 2683 ¹⁵⁹·

306 2743 728 2812 habmnuui
754 2767 878 2810 non
910 2747 1178 2810 mortali.
1267 2745 1382 2810 Me
1410 2755 1615 2810 autem
1648 2766 1936 2810 coronare
1954 2747 2144 2813 istum
2175 2731 2367 2834 [Hie-2

300 2846 546 2931 mecm]
598 2845 808 2927 modis,
837 2849 1066 2933 quibus
1108 2848 1362 2911 victoris
1379 2849 1674 2932 equestris
1697 2858 1968 2926 ornatur,
1993 2851 2213 2914 aeolico
2233 2877 2367 2919 car-

292 2947 486 3027 mine,
516 2958 781 3032 oportet.
867 2947 1211 3014 Persuadeo
1238 2947 1395 3012 mihi
1423 2949 1619 3025 enim,
1650 2969 1752 3010 me
1783 2948 2089 3032 hospitem
2122 2953 2368 3018 nullum

292 3059 359 3114 et
384 3051 778 3116 honestarum
810 3073 1008 3117 rerum
1038 3050 1384 3137 peritiorem
1419 3049 1610 3113 alium
1638 3059 1703 3114 et
1749 3050 2028 3133 potentia
2070 3061 2370 3136 praestan-

292 3154 532 3232 timum,
563 3177 643 3219 ex
675 3156 894 3220 nostris
925 3153 1174 3241 quidem
1206 3152 1590 3231 hominibus,
1640 3152 1871 3217 inclitis
1923 3164 2365 3222 exornatarum

296 3277 427 3320 esse
453 3257 838 3342 hymnorum
866 3256 1156 3342 strophis.
1242 3255 1420 3321 Deus
1453 3254 1846 3341 adjutortuis
1875 3256 2171 3344 prospicit
2219 3280 2365 3325 cum

292 3359 726 3438 sollicitudine,
758 3380 798 3422 o
830 3359 1047 3438 Hiero,
1078 3358 1295 3424 studiis
1341 3358 1647 3442 (laudum,
1679 3357 2145 3445 certaminum).
2236 3363 2368 3429 Hic

294 3457 415 3522 nisi
440 3460 569 3525 cito
584 3471 648 3523 te
674 3460 995 3542 destituet,
1012 3461 1214 3526 adhuc
1230 3462 1567 3526 suaviorem
1592 3482 1770 3547 spero
1792 3500 1879 3512 —
1902 3483 2047 3528 cum
2076 3466 2371 3552 quadriga
2394 3463 2551 3532 ΕΜ·

288 3563 473 3627 oeleri
518 3563 867 3648 [victorium
913 3565 1118 3649 tuam]
1157 3585 1257 3627 me
1305 3565 1758 3628 celebraturum
1789 3585 1941 3644 esse,
1972 3575 2116 3652 apto
2145 3568 2368 3633 carmi,-
2393 3534 2572 3582 ’ἀπ’

296 3665 392 3729 ὢ
448 3675 827 3751 argumento
881 3675 1141 3762 reperto,
1200 3667 1363 3751 apud
1421 3666 1700 3753 apricum
1760 3667 1984 3732 collem
2047 3667 2368 3742 Cronium.

294 3767 464 3832 Mihi
493 3769 703 3854 itaque
735 3767 928 3833 Musa
957 3769 1400 3836 validissimum
1430 3773 1643 3836 robore
1673 3772 1867 3835 telum
1898 3782 2116 3837 servat.
2209 3772 2369 3842 Aliis

284 3872 472 3934 rebus
499 3872 606 3948 alii
643 3871 980 3951 excellunt,
1011 3893 1381 3960 summaque
1428 3874 1686 3939 felicitas
1731 3873 2054 3959 fastigatur
2099 3875 2367 3961 regibus.

294 3971 449 4037 Noli
477 3988 759 4060 spectare
790 3976 1067 4041 ulterius.
1158 3976 1417 4042 Utinam
1458 3988 1522 4043 et
1563 3987 1635 4043 tu
1678 3977 1817 4041 talis
1861 3979 1927 4042 iu
1971 3979 2221 4043 sublimi
2262 3977 2371 4042 diu

286 4073 577 4157 inondum
624 4087 692 4144 et
722 4097 841 4164 ego
869 4075 1029 4143 inter
1042 4087 1250 4145 tantos
1293 4080 1557 4149 victores
1600 4101 1822 4161 verser,
1853 4079 2224 4166 conspicuus
2265 4096 2370 4139 ca-

286 4180 477 4246 madi
505 4190 641 4247 arte
669 4181 835 4248 inter
860 4181 1118 4249 Graeeos
1149 4181 1393 4268 ubique.
