2925 5150
552 554 561 561 ’
665 564 745 619 14·
1453 554 1986 622 OLYMPIA.

655 748 792 792 vam
825 726 1115 791 inducens
1145 727 1371 790 nubem
1420 726 1732 811 copiosum
1781 726 1938 810 pluit
1982 747 2200 791 aurum
2245 726 2525 813 Jupiter:
2572 729 2716 814 ipsa'

474 836 561 897 ΕΡ·
584 837 633 883 3-
658 852 797 895 vero
825 831 1006 895 caesia
1040 829 1371 913 (Minerva)
1404 829 1571 894 dedit
1597 828 1738 907 illis,
1768 829 2027 897 artificio
2056 865 2144 880 —
2179 830 2353 894 omni
2404 839 2705 897 terrarum

520 902 599 949 93'
656 933 886 998 incolas
915 931 1485 996 affabre-industriis
1514 931 1796 994 manibus
1822 931 2083 996 vincere.
2125 931 2272 996 Jam
2291 953 2474 1016 opera
2492 934 2707 999 viven-

653 1033 820 1098 tibus
848 1043 911 1098 et
937 1032 1349 1117 gradientibus
1377 1032 1601 1097 similia
1626 1032 1744 1095 viae
1771 1033 2068 1113 ferebant,
2099 1042 2344 1118 eratque
2372 1037 2567 1118 gloria
2596 1037 2701 1101 in-

653 1135 825 1220 gens.
912 1134 1190 1217 Sapienti
1204 1142 1412 1199 autem
1436 1132 1734 1218 sapientia
1752 1134 1941 1197 etiam
1961 1132 2154 1218 major
2174 1135 2306 1199 sine
2322 1138 2531 1201 fraude
2549 1160 2707 1203 con-

655 1240 862 1322 tingit.
947 1232 1146 1301 Aiunt
1174 1248 1382 1302 autem
1413 1236 1735 1301 hominum
1766 1236 2008 1321 antiqui
2035 1258 2368 1317 sermones,
2397 1241 2714 1321 nondum,

656 1342 808 1406 dum
838 1349 1056 1402 terram
1088 1340 1503 1423 partiebantur
1525 1337 1892 1422 Jupiterque
1919 1347 1981 1399 et
2013 1338 2417 1418 immortales,
2447 1342 2514 1405 in
2551 1363 2710 1406 con-

657 1450 937 1526 spectum
961 1440 1252 1525 prodiisse
1277 1443 1341 1507 in
1372 1441 1526 1506 mari
1554 1441 1681 1503 alto
1708 1439 2024 1517 Rhodum,
2053 1440 2160 1504 sed
2189 1440 2362 1504 salsis
2387 1442 2452 1505 in
2475 1443 2712 1526 abyssis

475 1577 569 1625 Str.
587 1578 637 1623 4·
658 1544 924 1608 insulam
954 1543 1225 1608 latuisse.
1260 1539 1652 1607 —Absentis
1677 1549 1879 1603 autem
1906 1560 2090 1604 nemo
2107 1542 2438 1624 protulerat
2465 1554 2700 1611 sortem

489 1643 603 1688 ¹⁰⁶·
661 1645 845 1724 Solis,
874 1653 937 1708 et
982 1644 1192 1731 utique
1239 1668 1383 1710 eum
1432 1654 1609 1708 terrae
1668 1651 1973 1706 exsortem
2027 1643 2418 1727 reliquerant,
2469 1652 2712 1713 castum

660 1747 847 1811 deum
861 1768 881 1809 ε
901 1747 1144 1832 Jupiter
1160 1757 1366 1813 autem
1383 1744 1730 1811 admonitus
1747 1744 1824 1807 ab
1844 1744 1946 1807 illo
1962 1745 2339 1809 sortitionem
2351 1744 2487 1832 ejus
2498 1769 2720 1813 caussa

644 1850 857 1913 ⁴voluit
884 1858 1238 1930 retractare3
1283 1848 1388 1913 sed
1439 1848 1599 1932 (Sol)
1652 1846 1716 1909 id
1767 1845 1900 1909 fieri
1953 1867 2079 1911 non
2128 1849 2453 1914 concessit.
2537 1851 2716 1916 Nam

662 1970 837 2029 cano,
867 1951 1089 2035 inquit,
1120 1951 1249 2036 ipse
1277 1951 1455 2015 video
1487 1950 1554 2012 in
1606 1950 1758 2012 mari
1815 1951 2196 2014 attollentem
2251 1974 2381 2016 sese
2431 1953 2716 2018 funditus

660 2062 879 2117 terram
914 2055 1246 2118 multorum
1271 2054 1594 2118 hominum
1625 2051 1895 2116 altricem
1929 2064 1992 2116 et
2014 2055 2238 2118 almam
2259 2057 2598 2140 pecoribus.
2623 2092 2723 2106 -—-

462 2164 573 2211 Ant.
594 2170 639 2214 4.
664 2153 705 2218 J
712 2155 861 2219 ussit
905 2163 1110 2219 autem
1156 2155 1363 2220 statim
1426 2177 1609 2220 aureo
1673 2155 2023 2219 redimitam
2086 2157 2343 2220 reticulo
2405 2158 2722 2225 Lachesin

500 2235 604 2279 ¹¹⁷·
663 2278 883 2321 manus
910 2257 1258 2336 extendere,
1287 2257 1658 2342 deorumque
1687 2256 2095 2321 sactissimum
2117 2256 2532 2342 juramentum
2582 2281 2721 2326 non

661 2380 958 2439 recusare,
991 2359 1096 2422 sed
1127 2359 1379 2423 Saturni
1407 2382 1551 2424 cum
1583 2360 1712 2424 filio
1741 2361 2042 2424 adnuere:
2089 2361 2368 2427 lucidum
2394 2362 2458 2426 in
2510 2362 2721 2428 aerem

662 2465 945 2527 emissam
979 2464 1157 2528 istam
1188 2463 1303 2526 sibi
1332 2463 1395 2525 in
1425 2473 1737 2548 posterum
1767 2473 1993 2528 sortem
2011 2464 2164 2528 fore.
2247 2466 2455 2550 Atque
2479 2467 2722 2530 exitum

663 2564 878 2628 habuit
896 2561 1291 2650 jurisjurandi
1319 2587 1562 2630 summa
1580 2587 1715 2630 vere
1732 2567 2038 2630 eveniens.
2125 2565 2330 2631 Enata
2351 2580 2449 2631 eet
2470 2590 2546 2631 ex
2568 2567 2726 2632 mari

474 2680 567 2744 Bp.
590 2687 639 2730 4.
658 2665 921 2728 humido
940 2703 1030 2715 --
1058 2666 1280 2744 insula,
1310 2677 1602 2752 tenetque
1631 2668 1822 2752 ipsam
1855 2669 2173 2733 acutorum
2229 2668 2514 2751 genitalis
2555 2670 2727 2733 radi·

469 2751 605 2809 *²²3·
658 2788 835 2832 orum
881 2781 1075 2853 pater,
1120 2771 1330 2853 ignem
1395 2768 1758 2854 spirantium
1820 2769 1949 2833 dux
2009 2788 2332 2853 equorum.
2415 2769 2512 2833 Ibi
2574 2792 2732 2836 cum

601 2871 623 2884 ”
656 2869 881 2936 Rhodo
926 2872 1196 2957 nympha
1243 2889 1648 2935 consuescens
1693 2871 1913 2955 genuit
1961 2879 2196 2954 septem
2245 2870 2722 2955 sapientissimis

523 2972 531 2980 ’
656 2974 924 3040 consiliis
954 2973 1259 3060 majorum
1287 2975 1583 3040 memoria
1600 2974 1792 3036 claros
1820 2970 2000 3051 filios,
2030 2993 2292 3056 quorum
2323 2992 2481 3036 unus
2507 2969 2730 3035 Cami-

651 3097 788 3138 rum
823 3085 1093 3158 natuque
1125 3075 1465 3137 maximum
1509 3072 1788 3155 Jalysum
1839 3072 2057 3156 genuit
2101 3082 2165 3136 et
2213 3072 2506 3138 Lindum.
2591 3072 2730 3141 Qui

653 3176 884 3258 singuli
917 3172 1255 3257 separatim·
1272 3174 1564 3236 tenebant
1596 3183 1811 3237 terram
1842 3174 2130 3238 trifariam
2164 3173 2482 3259 dispertiti,
2514 3181 2727 3258 pater·

461 3289 559 3336 sir.
583 3292 632 3338 5·
656 3269 798 3337 naffi
828 3276 1076 3339 urbium
1106 3283 1354 3354 sortem,
1384 3283 1675 3358 erantque
1703 3276 1804 3339 hae
1834 3296 2046 3339 eorum
2076 3274 2269 3350 sedes.
2298 3275 2514 3339 -—.lbi
2551 3293 2717 3358 prae-

489 3358 602 3401 ¹⁴¹·
657 3374 851 3439 mium
884 3375 1247 3440 calamitatis
1272 3374 1631 3447 miseranda»,
1647 3374 1993 3460 jucundum
2023 3375 2388 3461 Tlepolemo
2407 3374 2716 3442 constitu-

653 3487 791 3562 tum
819 3492 911 3541 est
937 3477 1400 3562 Tirynthiorum
1454 3478 1624 3558 duci,
1657 3490 1951 3563 tanquam
1979 3479 2117 3557 deo,
2146 3499 2559 3564 pecorumque
2583 3479 2713 3540 ‘ni-

651 3573 869 3646 dorosa
894 3587 1142 3667 pompa,
1172 3592 1237 3645 et
1253 3580 1564 3667 judicium
1594 3582 1671 3646 de
1701 3580 2159 3646 certaminibus.
2233 3580 2516 3649 Quorum
2542 3579 2718 3643 flori-

650 3683 766 3745 bus
794 3679 1096 3768 Diagoras
1112 3679 1442 3750 'coronatus
1474 3694 1566 3748 est
1592 3687 1707 3763 bis,
1742 3683 2088 3766 celebrique
2118 3684 2184 3746 in
2205 3682 2452 3748 Isthmo
2492 3689 2721 3764 quater

442 3808 558 3856 Ant.
582 3811 629 3858 5.
651 3787 867 3866 victor,
901 3787 1278 3874 Nemeaeque
1301 3789 1554 3873 saepiuS,
1573 3799 1637 3852 et
1653 3788 1877 3872 asperis
1907 3784 2171 3849 Athenis
2197 3809 2216 3862 3
2263 3821 2340 3832 —-
2375 3784 2717 3866 Argivum·

486 3877 597 3923 ¹⁵²·
651 3911 771 3975 que
800 3912 884 3954 oes
918 3893 1192 3970 <scutum
1226 3892 1498 3972 aeneum)
1545 3890 1716 3952 novit
1755 3910 1924 3965 eum,
1972 3886 2379 3969 Arcadiaeque
2432 3894 2498 3947 et
2535 3882 2717 3948 'Ehe-

649 3989 864 4052 barum
892 3990 1245 4068 certamina,
1274 3987 1523 4071 ludique
1539 3988 1802 4071 legitimi
1820 3984 2097 4062 Boeotii;
2144 3983 2379 4066 AEgina
2429 3981 2718 4046 Pellena·

649 4111 770 4175 que
791 4091 1084 4155 victorem
1109 4091 1340 4167 sexies3
1388 4090 1782 4174 Meg-arisque
1802 4088 1966 4153 idem
1983 4086 2243 4169 lapideae
2269 4086 2584 4150 columnae
2605 4083 2714 4148 in·

649 4193 911 4279 scriptus
939 4201 1034 4257 est
1063 4193 1301 4257 titulus.
1390 4191 1480 4254 At
1506 4191 1756 4275 Jupiter
1784 4190 1992 4268 Pater‚'
2017 4190 2082 4253 in
2105 4185 2278 4272 jugis
2299 4185 2576 4268 Atabyrii
2595 4186 2720 4250 do-

471 4331 561 4392 Ep.
582 4335 629 4381 5.
649 4295 915 4375 minans,
948 4295 1178 4359 honora
1206 4294 1531 4379 hymnum,
1574 4291 2101 4376 Olympicumque
2150 4289 2442 4353 victorem
2479 4324 2551 4335 —-·
2589 4309 2720 4371 pu·-

488 4398 598 4446 263·
651 4396 840 4483 gilatu
871 4395 1112 4464 virtutis
1140 4396 1325 4463 decus
1354 4405 1604 4461 nactum
1618 4417 1642 4476 3
1687 4393 1883 4478 daque
1912 4392 1970 4457 ei
1998 4390 2401 4458 venerandam
2452 4389 2724 4475 gratiam
