2925 5150
634 614 707 671 8,
1405 605 1942 675 OLYMPIA.

1397 951 1965 1028 OLYMP.1V.

761 1161 1534 1249 PSAUMIDI
1607 1157 2574 1257 CAMARINAEo,

1397 1400 1943 1472 QUADRIGIS.

414 1628 505 1678 stc.
547 1636 597 1678 ι·
623 1590 679 1673 J
689 1636 1034 1683 Acumroa
1053 1619 1334 1685 fulminis
1352 1618 1547 1704 rapidi
1565 1640 1813 1685 summe
1824 1619 2092 1705 Jupiter,
2110 1628 2240 1685 tuae
2259 1618 2459 1684 Horae
2469 1625 2718 1687 revolu-

624 1729 709 1785 tae
728 1721 1027 1785 miserunt
1043 1741 1147 1786 me
1167 1721 1817 1807 praestantissimorum
1846 1721 2255 1787 certaminum
2277 1730 2522 1803 testem,
2554 1746 2711 1789 cum

628 1830 818 1887 cantu
865 1823 1099 1888 cithara
1144 1823 1459 1889 distincto.
1544 1824 1628 1889 In
1669 1823 2015 1889 amicorum
2064 1825 2243 1890 rebus
2274 1823 2564 1891 secundis
2589 1827 2714 1892 loe-

627 1933 837 1990 tantur
881 1927 1089 1990 statim
1123 1925 1347 1990 nuntio
1394 1924 1562 1989 dulci
1591 1924 1801 1989 audito
1830 1925 2001 1991 boni.
2088 1925 2217 1991 Sed
2244 1948 2285 1991 o
2315 1925 2567 1992 Saturni
2594 1925 2715 2009 fili,

629 2027 742 2114 qui
787 2026 1051 2093 AEtnam
1098 2042 1299 2109 tenea,
1344 2029 1604 2093 furnum
1658 2036 1985 2092 ventosum
2033 2026 2401 2114 centicipitis
2431 2027 2719 2094 *violenti

598 2130 970 2217 ·Typhoni3‚
1002 2133 1214 2216 accipe
1241 2132 1514 2217 benigne
1539 2128 1895 2196 Gratiarum
1933 2130 2326 2215 (Musarum)
2344 2152 2557 2197 caussa
2583 2131 2714 2197 hoc

387 1780 412 1818 i>

284 2240 293 2249 '
382 2244 503 2312 Mt,
526 2262 605 2311 16.
626 2254 898 2315 carmen,
928 2273 1018 2285 -
1044 2257 1316 2321 perenne
1347 2236 1560 2299 lumen
1591 2253 1955 2318 magnarum
1998 2232 2324 2301 virtutum.
2414 2233 2707 2300 Psaumiss

626 2334 720 2401 dis
774 2336 944 2402 enim
993 2337 1163 2402 venit
1209 2359 1409 2418 curru,
1456 2337 1588 2423 qui,
1636 2338 1774 2400 olea
1816 2345 2144 2401 coronatus
2191 2335 2485 2419 Pisatide‚
2515 2338 2715 2405 decus

626 2461 836 2524 parare
879 2439 1105 2524 satagit
1150 2439 1524 2506 Camarina.
1611 2438 1788 2504 Deus
1829 2437 2130 2525 propitius
2171 2438 2253 2505 sit
2292 2438 2538 2527 reliquis
2574 2439 2717 2528 ejus

628 2541 808 2607 votis.
895 2540 1114 2607 Laudo
1144 2542 1312 2608 enim
1344 2565 1491 2609 eum
1522 2542 1602 2608 ad
1629 2563 1826 2630 equos
1854 2540 2109 2607 alendos
2138 2541 2411 2607 maxime
2440 2563 2712 2630 propen-

630 2665 793 2725 sum,
823 2644 1200 2730 gaudentem
1229 2646 1650 2731 hospitalitate
1678 2666 1824 2731 erga
1851 2665 2091 2724 omneS,
2110 2649 2173 2707 et
2200 2641 2278 2707 ad
2295 2643 2716 2730 tranquillita-

632 2755 760 2810 tem
823 2745 1088 2812 civitatis
1138 2763 1452 2828 amantem
1512 2748 1748 2814 sincera
1805 2756 2018 2814 mente
2077 2766 2467 2813 conversum.
2554 2749 2714 2817 Non

639 2848 962 2916 mendacio
1004 2852 1281 2937 polluam
1340 2853 1612 2919 laudem.
1698 2848 2100 2938 Experientia
2144 2847 2362 2935 utique
2420 2854 2713 2920 mortales

414 2980 507 3047 Ep.
531 2983 613 3031 31.
635 2954 875 3038 probat,
930 2994 1022 3006 —
1076 2977 1220 3041 quae
1278 2953 1567 3043 Clymeni
1643 2955 1846 3021 filium
1908 2950 2218 3036 Erginum
2289 2950 2711 3022 Lemniadum

634 3057 1008 3122 feminarum
1061 3057 1343 3121 liberavit
1368 3079 1407 3121 a
1433 3059 1692 3143 probr03
1741 3054 1915 3136 aereis
1945 3051 2132 3118 armis
2161 3052 2270 3137 qui
2299 3053 2495 3121 victor
2522 3077 2714 3124 cursu

631 3155 710 3218 ad
739 3177 1028 3220 coronam
1059 3157 1484 3241 accipiendam
1505 3158 1734 3222 vadens
1756 3154 1912 3221 dixit
1942 3153 2311 3240 Hypsipylae
2338 3179 2356 3219 z
2401 3178 2543 3223 ecce
2561 3180 2711 3244 me3

629 3255 920 3320 celeritati
964 3267 1173 3323 autem
1217 3279 1438 3323 manus
1478 3259 1845 3344 animusque
1873 3277 2068 3342 pares.
2157 3256 2521 3324 Nascuntur
2544 3261 2711 3328 etin

620 3352 952 3438 juvenibus
981 3358 1121 3424 cani
1147 3382 1313 3446 saepe
1342 3359 1533 3427 etiam
1565 3372 1792 3448 praeter
1822 3358 2026 3426 aetatis
2060 3377 2403 3443 congruum
2437 3370 2710 3452 tempus·

1389 3705 1782 3784 OLYMP.
1847 3705 1931 3779 V.

1003 3885 1511 3972 EIDEM
1573 3889 2371 3991 PSAUMIDI,

1357 4111 1912 4181 QUADRIGIS.

2567 4213 2606 4239 C

417 4315 521 4366 ste.
554 4321 601 4364 1.
636 4281 1026 4368 Cusanum
1078 4299 1379 4366 virtutum
1424 4310 1488 4365 et
1536 4322 1895 4369 coronarum
1947 4307 2416 4392 Olympicarum
2457 4297 2709 4372 dulcem

630 4409 864 4485 florem,
895 4403 1136 4468 Oceani
1164 4402 1311 4487 filia,
1342 4404 1553 4473 animo
1580 4403 1776 4488 hilari,
1808 4409 2016 4495 accipe
2064 4409 2513 4493 indefessaque
2563 4430 2711 4474 mu-
