2925 5150
683 361 772 423 46
1495 348 1965 459 ΙΡΥΤΗῙΑ.

685 535 752 590 et
792 522 1247 599 Lacedaemone
1290 521 1596 607 Argisque
1624 518 1963 613 divinaque
2012 526 2079 590 in
2114 525 2271 612 Pylo
2313 527 2586 599 habitare
2631 529 2786 596 fecit

686 635 968 707 strenuos
993 625 1288 692 Herculis
1317 634 1594 713 posteros
1613 625 2024 715 AEgimiique.
2111 631 2453 709 Atffmeum
2464 642 2591 716 est,
2607 655 2778 720 prae-

485 726 601 775 ⁶¹¹²·
615 730 664 777 ³·
688 730 915 811 dicare,
942 730 1110 817 quod
1133 753 1169 794 e
1190 730 1410 816 Sparta
1434 732 1625 811 venit,
1657 733 1920 799 amabile
1944 733 2135 798 decus
2164 756 2182 797 ε
2214 772 2306 787 --
2331 737 2501 807 unde
2529 737 2778 806 oriundi

548 796 634 842 ⁹⁹⁶
689 845 987 900 venerunt
1015 834 1081 900 in
1104 835 1376 905 Theram
1399 836 1678 922 AEgidae,
1697 835 1821 901 mei
1850 834 2133 922 majores,
2155 859 2286 903 non
2305 838 2441 904 sine
2476 838 2777 921 numine3

684 939 796 1003 sed
823 941 1018 1004 fatum
1052 940 1359 1026 quoddam
1406 941 1608 1007 duxit.
1699 939 1853 1005 lnde
1898 950 2160 1026 accepto
2206 945 2544 1009 multarum
2590 942 2775 1008 victi-

688 1065 930 1109 marum
957 1048 1161 1130 epulo,
1186 1044 1331 1126 tuis,
1361 1069 1402 1111 o
1429 1047 1682 1131 Apollo,
1714 1042 1997 1124 Carneis,
2030 1066 2205 1111 sacro
2230 1047 2616 1111 celebramus
2646 1045 2775 1131 cy-

689 1168 879 1212 renen
914 1139 1538 1233 pulcre-exstructam
1574 1150 1806 1225 urbem,
1840 1168 2026 1231 quam
2051 1146 2362 1214 incoluere
2397 1152 2589 1227 (tum)
2618 1172 2773 1215 aere-

687 1250 906 1315 armati
958 1249 1227 1335 hospites
1282 1250 1532 1338 Trojaui
1563 1250 1985 1317 Antenoridae.
2075 1250 2241 1316 Cum
2297 1250 2545 1319 Helena
2602 1254 2776 1319 enim

487 1363 584 1427 Ἑρ.
608 1366 662 1414 ³.
681 1361 1004 1432 venerunt,
1033 1355 1385 1418 fumantem
1402 1355 1660 1440 patriam
1691 1363 2025 1439 postquam
2050 1352 2334 1429 viderant
2366 1394 2451 1405 —
2475 1355 2545 1420 in
2581 1360 2773 1423 bello.

523 1431 637 1479 ¹¹³·
686 1453 1056 1539 Equestrem
1087 1467 1292 1521 autem
1317 1468 1570 1542 gentem
1597 1460 1812 1542 (hanc)
1842 1458 2126 1542 religiose
2147 1457 2466 1544 excipiunt
2493 1462 2769 1545 (colunt)

689 1558 875 1621 sacris
905 1559 1204 1624 adeuntes
1228 1581 1334 1624 eos
1365 1571 1427 1625 et
1471 1584 1730 1628 munera
1759 1564 2085 1630 afferentes
2113 1562 2361 1642 incolae,
2393 1586 2552 1651 quos
2595 1566 2772 1631 Aris-

693 1661 913 1724 toteles
942 1659 1244 1739 (Batthis)
1310 1664 1588 1746 adduxit,
1628 1666 1885 1730 navibus
1949 1663 2262 1729 velocibus
2312 1666 2497 1730 maris
2526 1671 2784 1753 profun-

692 1762 837 1827 dam
893 1763 1055 1827 viam
1129 1766 1405 1850 aperiens
1432 1792 1448 1832 z
1515 1768 1912 1853 condiditque
1969 1768 2140 1829 lucos
2203 1763 2461 1852 majores
2517 1768 2771 1835 deorum

690 1868 1024 1953 stravitque
1066 1869 1130 1934 in
1175 1870 1521 1954 Apollineas
1561 1868 2226 1936 salutaris-hominibus
2284 1892 2535 1957 pompoe
2584 1893 2772 1939 usum

692 1980 923 2036 rectam
994 1972 1338 2057 planitiem,
1397 1973 2094 2059 equis-perstrepentem
2172 1972 2499 2058 Scyrotam
2560 1974 2767 2053 viam3

493 2075 666 2185 δί’-74·
695 2075 803 2139 ubi
833 2074 898 2138 in
933 2086 1208 2140 extrema
1234 2086 1406 2162 parte
1436 2077 1552 2142 fori
1593 2097 1866 2141 seorsum
1886 2072 2056 2159 jacet
2087 2085 2387 2139 mortuuS.
2418 2112 2509 2124 —
2535 2073 2772 2141 Beatus

431 2179 435 2183 ’
558 2145 585 2190 ²
623 2174 639 2188 ⁶
693 2176 943 2262 quidem
974 2180 1076 2243 ille
1104 2178 1266 2244 inter
1294 2180 1578 2247 homines
1606 2178 1946 2259 habitabat,
1978 2176 2274 2260 herosque
2295 2187 2513 2265 postea
2536 2178 2772 2263 populo

691 2281 916 2344 cultuS.
1005 2280 1293 2345 Seorsum
1326 2302 1472 2345 vero
1501 2291 1646 2345 ante
1674 2281 1892 2345 domos
1937 2278 2144 2344 caeteri
2173 2300 2348 2364 reges
2388 2280 2545 2345 sacri
2572 2279 2768 2344 sortiti

692 2393 838 2447 sunt
861 2383 1231 2467 sepulcrum.
1318 2384 1624 2468 Magnam
1655 2404 1797 2447 vero
1819 2382 2136 2459 virtutem,
2168 2403 2303 2446 rore
2327 2382 2500 2447 molli
2520 2382 2769 2467 adsper-

691 2508 824 2550 sam
876 2486 1375 2573 hymnorumque
1419 2487 1779 2570 liquoribus,
1823 2484 2082 2548 audiunt
2125 2482 2353 2549 alieubi
2415 2483 2769 2550 sub-terris—

690 2592 934 2655 vivente
978 2590 1212 2674 animo,
1256 2612 1428 2655 suam
1478 2591 1862 2670 felicitatem,
1908 2583 2158 2676 filioq‘ue
2200 2601 2540 2658 commune
2580 2589 2772 2654 decus

674 2692 965 2779 justeque
993 2692 1269 2758 debitum
1302 2694 1616 2775 Arcesilae,
1650 2715 1838 2780 quem
1869 2693 1938 2758 in
1967 2693 2155 2757 choro
2200 2692 2558 2784 canentium
2581 2691 2765 2779 juve·
2821 2745 2832 2752 -

472 2795 590 2844 Ant.
610 2796 667 2842 4.
685 2819 833 2861 num
858 2796 1037 2868 decet
1059 2795 1769 2882 aureo-ense-insignem
1805 2795 2124 2861 Phoebum
2155 2796 2475 2873 celebrare,
2499 2833 2589 2843 —
2616 2815 2769 2861 cum

520 2864 631 2911 ¹4¹⁰
685 2900 905 2965 habeat
932 2879 1012 2965 ex
1037 2900 1320 2986 Pythone
1337 2873 1676 2988 ‘proemium
1709 2898 2024 2965 victoriale
2052 2885 2488 2983 impensarum,
2508 2917 2769 2961 carmen

671 3001 1056 3090 jucundum.
1142 3003 1361 3068 Virum
1382 3005 1561 3068 illum
1579 3002 1835 3067 laudant
1859 2999 2214 3087 prudentes.
2282 2998 2768 3084 Vulgo-dictum

679 3105 842 3171 dico.
931 3104 1430 3170 Praestantiorem
1470 3112 1654 3170 aetate
1685 3114 1962 3170 mentem
1993 3103 2103 3168 alit
2119 3127 2140 3182 3
2172 3104 2509 3188 linguaque
2532 3102 2764 3168 animi-

682 3228 801 3290 que
824 3207 1045 3270 virtute
1073 3207 1198 3269 alas
1228 3206 1583 3290 expandens
1600 3207 1760 3272 inter
1781 3209 2058 3272 volueres
2082 3204 2290 3294 aquila
2314 3215 2431 3288 est,
2449 3214 2512 3270 et
2538 3205 2607 3272 in
2623 3226 2764 3270 cer·

682 3309 1018 3375 taminibus
1048 3309 1210 3375 muri
1247 3310 1438 3376 instar
1479 3314 1663 3376 robur
1696 3310 1835 3397 (ipsi
1866 3319 1959 3376 est
1978 3311 2033 3390 ;)‘
2076 3308 2358 3394 interque
2388 3308 2608 3376 Musas
2637 3310 2768 3372 ales

680 3411 825 3478 inde
848 3435 886 3477 a
910 3421 1104 3478 matre
1133 3434 1294 3496 cara,
1325 3414 1787 3499 celebratusque
1817 3435 2105 3480 curruum
2136 3411 2401 3496 agitator
2425 3411 2647 3476 scitus.
2676 3429 2766 3462 -a

483 3518 574 3581 ΕΡ·
601 3524 654 3585 ,4-
683 3515 772 3582 Et
813 3525 1115 3603 quotquot
1160 3526 1307 3582 sunt
1352 3515 1790 3602 indigenarum
1834 3517 2092 3584 laudum
2123 3514 2265 3597 viae,
2295 3535 2624 3599 aggressus
2673 3521 2766 3580 est

510 3592 623 3636 ¹⁵⁶⁶
681 3621 803 3699 ille,
839 3643 1198 3706 numenque
1225 3620 1283 3684 ei
1313 3628 1376 3683 et
1407 3640 1578 3683 nunc
1601 3618 1937 3706 propitium
1970 3617 2212 3705 perficit
2242 3616 2555 3696 virtutem,
2586 3614 2766 3693 (facit

679 3735 752 3791 ut
780 3734 1157 3811 assequatur,
1187 3723 1353 3809 quod
1398 3723 1799 3807 aggreditur‚)
1833 3733 1899 3787 et
1925 3744 2071 3800 vero
2099 3723 2164 3788 in
2197 3729 2538 3807 posterum,
2566 3739 2612 3783 o
2643 3719 2761 3783 Sa-

677 3829 865 3893 turnii
897 3828 1005 3911 dii,
1034 3828 1210 3905 detis,
1262 3838 1329 3892 ut
1373 3827 1436 3892 in
1470 3826 1647 3890 factis
1694 3825 2089 3909 consiliisque
2139 3822 2361 3888 habeat
2411 3823 2638 3902 (eam),
2686 3840 2763 3884 ne

674 3932 1280 4000 fructibus-exitialis
1333 3939 1656 3994 ventorum
1711 3929 1999 3995 hibernus
2053 3928 2232 3991 flatus
2276 3924 2476 3990 foedet
2530 3944 2765 3989 aevum.

674 4034 856 4098 ,lovis
890 4036 1100 4120 utique
1131 4056 1307 4100 mens
1337 4025 1898 4117 magna'gubernat
1927 4033 2240 4094 fortunam
2285 4027 2551 4092 virorum
2590 4024 2763 4112 (ipsi)

678 4158 978 4202 carorum.
1069 4136 1290 4202 Precor
1317 4157 1464 4206 enm
1496 4133 1808 4220 Olympiae
1835 4133 2001 4199 hanc
2036 4129 2327 4213 (similem
2357 4128 2504 4194 huic
2537 4125 2761 4213 Pythi-

660 4243 795 4313 ωε)
822 4251 895 4305 ut
922 4244 1197 4307 conferat
1241 4239 1552 4307 victoriam
1586 4239 1653 4305 in
1688 4236 1862 4304 Batti
1884 4257 2103 4321 genus.
