2925 5150
817 548 833 562 '
903 576 1377 645 CARMEN
1424 558 1478 641 ι.
2159 564 2242 623 29

168 763 505 842 poi-tunam
550 752 918 815 facultatem
946 750 1253 835 prebens.
1298 748 1361 811 Ο
1392 746 1602 824 Musa,
1631 744 1811 810 etiam
1850 745 2012 830 apud
2040 741 2243 807 Dino-

162 876 417 920 menem
431 862 439 870 “
454 852 689 939 (filium
720 851 788 915 H
792 849 1037 932 iet-onis)
1060 859 1135 915 ut
1152 868 1363 931 cauas,
1376 850 1712 939 obsequere
1729 847 1904 926 mihi,
1923 843 2246 930 praemium

125 987 129 990 >
156 957 629 1042 quadrigarum.
730 952 1043 1017 Gaudium
1091 951 1263 1017 euim
1316 971 1444 1017 non
1497 951 1795 1029 alienum,
1841 949 2096 1013 victoria
2136 966 2245 1030 pa·

159 1061 306 1127 ttis·
349 1059 515 1143 Age,
543 1056 829 1140 deinceps
856 1053 1075 1125 AEtuae
1115 1052 1265 1139 regi
1301 1051 1498 1137 (Jovi)
1531 1063 1776 1137 gratum
1824 1050 2254 1134 excogitemus

162 1160 511 1244 lwmnum,
537 1192 630 1207 —
656 1155 762 1221 cui
792 1157 1007 1223 urbem
1036 1156 1208 1235 illam
1228 1154 1745 1230 divinalibertate
1759 1153 2056 1219 donatam
2089 1151 2157 1215 H
2160 1152 2249 1235 yl
2272 1152 2452 1266 ⁸¹11&ss

160 1262 305 1327 licia
333 1278 579 1327 noemae
606 1258 849 1343 legibus
878 1257 1080 1325 Hiero
1107 1257 1418 1329 condidit.
1462 1258 1706 1325 Volunt
1748 1278 1892 1322 vero
1922 1253 2260 1340 Pamphyli

168 1374 346 1450 atque
374 1362 569 1428 etiam
600 1360 1072 1427 Heraclidarum
1104 1361 1357 1446 posteri,
1384 1363 1462 1431 ad
1485 1382 1621 1427 oras
1661 1359 1928 1445 Taygeti
1958 1357 2249 1422 habitan-

174 1478 281 1546 tes,
308 1471 561 1551 semper
601 1464 944 1529 immanere
971 1462 1212 1547 legibus
1243 1462 1534 1547 AEgimii,
1564 1462 1922 1531 Dorienses.
1991 1459 2249 1524 Tenue-

174 1581 319 1634 runt
337 1590 484 1634 vero
503 1568 803 1652 Amyclas
817 1566 1114 1633 fortunati
1131 1565 1243 1648 illi,
1268 1586 1304 1629 e
1324 1566 1527 1633 Pindo
1544 1566 1820 1651 profecti,
1839 1561 2246 1648 albis-equis-

174 1678 485 1737 vectorum
513 1667 1006 1763 Tyndaridarum
1039 1666 1416 1734 celeberrimi
1466 1670 1726 1746 accolae,
1751 1687 2013 1752 quorum
2045 1663 2245 1749 gloria

179 1772 383 1836 floruit
420 1771 757 1839 hasta-
782 1770 1056 1856 Jupiter,
1105 1782 1330 1856 praesta
1356 1774 1522 1852 haec,
1571 1786 1661 1849 et,
1716 1782 1785 1835 ut
1810 1788 2055 1865 semper
2104 1766 2244 1831 talia
2271 1775 2363 1821 Aa·
2349 1780 2447 1825 ···⁴
2529 1829 2534 1834 .

185 1872 460 1937 conditio
496 1873 750 1938 Amenoe
790 1871 981 1958 juxta
1009 1894 1197 1958 aquas
1227 1874 1462 1940 civibus
1495 1873 1861 1958 regibusque
1883 1892 2087 1938 veram
2104 1871 2242 1935 effi·
2300 1843 2408 1890 ¹⁹³⁰

186 1974 310 2038 ciat
332 1977 558 2038 famam
594 1978 692 2057 (ut
719 1996 859 2039 vere
882 1973 1027 2038 haec
1052 1974 1496 2060 memorentur)
1539 1976 1699 2040 inter
1726 1975 2031 2040 homines.
2104 1972 2248 2038 Tua

183 2098 299 2162 ope
313 2097 418 2140 rex
433 2074 754 2161 filiumque
768 2077 1019 2161 hortatu
1040 2094 1169 2159 suo„
1185 2078 1609 2163 populumque
1630 2098 1815 2142 senex
1834 2085 2148 2148 convertat
2174 2076 2254 2140 ad

188 2180 545 2246 concordem
594 2180 1129 2266 tranquillitatem.
1178 2179 1457 2266 Supplex
1487 2201 1616 2258 oro,
1667 2179 1891 2259 adnue,
1943 2178 2254 2256 Saturuie,

192 2282 438 2368 pacifica
464 2292 536 2348 ut
574 2283 651 2351 in
696 2283 889 2349 domo
918 2280 1286 2351 Pboenicius
1314 2284 1900 2367 Tyrrhenorumque
1949 2280 2255 2345 tumultus

193 2385 440 2451 bellicus
465 2407 535 2452 se
561 2386 900 2466 contineat,
921 2386 1207 2453 navibus·
1177 2388 1618 2475 ·perniciosam
1650 2387 1730 2452 ad
1758 2385 1994 2454 Cumas
2015 2383 2254 2451 cladem

199 2488 480 2553 intuitus.
505 2527 597 2538 —
624 2489 830 2575 qualia
851 2488 1141 2574 (scilicet)
1170 2512 1208 2555 a
1233 2513 1378 2577 rege
1398 2491 1922 2579 Syracusanorum
1942 2486 2090 2553 victi
2110 2507 2248 2573 ραι·
2278 2501 2431 2566 Βροιι.
2450 2506 2499 2552 4.

208 2587 260 2650 si
284 2602 459 2669 sunt3
501 2590 820 2655 velocibus
848 2613 885 2654 e
914 2591 1171 2658 navibus
1221 2595 1333 2679 qui
1384 2596 1450 2659 in
1497 2615 1667 2660 mare
1694 2592 1923 2681 dejecit
1977 2592 2253 2678 ipsorum
2311 2572 2428 2620 ²⁴²·

200 2686 599 2772 juventutem,
624 2690 937 2758 Groeciam
968 2694 1294 2760 extrahens
1343 2717 1380 2760 e
1409 2697 1581 2780 gravi
1625 2698 1939 2762 servimte.
1981 2694 2255 2763 Praefero

214 2790 369 2874 (aliis
392 2792 695 2878 laudibus)
721 2796 888 2882 apud
911 2796 1301 2864 Salaminem
1320 2797 1806 2864 Atheniensibus
1827 2798 2101 2862 debitam
2125 2798 2259 2862 vic-

207 2893 368 2960 toriae
394 2895 636 2962 laudem
658 2921 681 2979 3
726 2898 971 2983 Spartae
1001 2908 1212 2970 autem
1259 2899 1580 2963 celebrabo
1629 2909 1776 2962 ante
1832 2896 2259 2960 Cithaeronem

204 2999 581 3065 commissam
644 3021 923 3086 pugnam
947 3023 971 3081 3
1014 2999 1245 3086 quibus
1300 2998 1482 3068 Medi
1505 2997 1664 3065 .victi
1720 3006 1871 3061 sunt
1920 2995 2221 3081 sagittarii
2241 3020 2261 3061 ι

205 3101 491 3169 enimvero
515 3104 603 3170 ad
633 3106 1177 3192 pulcre-,aquosam
1222 3101 1420 3189 ripam
1450 3100 1740 3166 Himerae
1782 3098 1926 3164 filiis
1955 3097 2261 3183 hymnum

205 3200 568 3273 Dinomenis
594 3207 904 3292 perficias,
950 3205 1161 3274 anime
1200 3205 1313 3287 mi,
1370 3223 1558 3289 quem
1612 3200 1887 3288 accipere
1941 3202 2262 3289 promeriti

204 3315 335 3370 sunt
358 3293 582 3392 virtute
610 3308 895 3375 hostibus
923 3307 1279 3394 profligatis.
1307 3344 1399 3356 —
1426 3307 1498 3372 Si
1525 3306 1737 3372 dextre
1765 3305 2001 3385 laudes,
2031 3306 2260 3372 multa·
2285 3334 2383 3381 ειη,
2424 3331 2470 3386 s,

211 3427 331 3476 mm
352 3431 549 3478 rerum
582 3431 874 3478 summas
903 3411 1271 3496 complexus
1293 3407 1569 3474 oratione
1595 3408 1788 3488 brevi,
1818 3409 2024 3476 minor
2049 3409 2257 3495 sequi·
2318 3401 2438 3451 ¹⁵⁷·

210 3520 299 3573 tur
318 3512 536 3581 invidia
562 3512 935 3579 hominum.
978 3511 1217 3578 Contra
1243 3511 1489 3576 satietas
1511 3512 1804 3600 obtundit
1829 3511 2072 3597 ingrata
2099 3517 2264 3580 cele-

206 3631 290 3677 res
313 3625 561 3683 mentes.
616 3613 823 3681 Fama
839 3637 1003 3697 vero,
1032 3615 1303 3684 maxime
1332 3615 1408 3679 de
1423 3615 1756 3681 virtutibus
1772 3613 2007 3696 alienis,
2031 3617 2263 3683 civium

206 3717 427 3782 occulte
445 3719 753 3785 animum
782 3720 1091 3784 molestat.
1135 3719 1457 3796 Attamen,
1478 3738 1619 3784 nam
1641 3718 1858 3782 melior
1874 3719 2264 3786 miseratione

200 3813 420 3899 invitia,
451 3842 533 3886 ne
555 3819 981 3908 praetermitte
1010 3820 1291 3890 honesta.
1337 3818 1636 3888 Guberna
1653 3818 1828 3905 justo
1851 3823 2026 3887 clavo
2053 3843 2259 3909 popu-

204 3916 344 4000 lum,
362 3922 696 4009 veracique
729 3920 794 3986 in
821 3921 1047 3987 incude
1074 3943 1331 3990 exacue
1340 3922 1616 4006 linguam
1651 3923 1754 4006 (ad
1782 3945 1920 3989 vera
1948 3927 2260 4011 proferen-

204 4018 324 4103 da).
344 4061 433 4088 —-.-
457 4027 531 4092 Si
559 4023 751 4110 quid,
773 4023 1177 4109 quantumvis
1205 4024 1431 4106 lenius,
1492 4046 1805 4112 perperam
1840 4027 1997 4112 (illa)
2032 4027 2257 4091 emise·
2285 4037 2360 4086 An
2364 4041 2400 4082 ι.
2418 4033 2472 4094 ⁵

207 4122 293 4203 rit,
318 4145 621 4211 magnum
680 4125 905 4210 utique
931 4125 1215 4206 habetur,
1244 4147 1283 4191 a
1334 4137 1397 4191 te
1451 4129 1600 4213 quia
1656 4127 1851 4195 venit.
1905 4128 2261 4193 Multorum
2307 4101 2422 4150 ¹⁶⁹

215 4224 475 4313 princeps
501 4249 599 4306 es,
628 4226 819 4296 multi
848 4236 1035 4292 testes
1065 4243 1214 4294 suut
1240 4228 1517 4314 utrisque
1547 4233 1733 4306 rebus
1762 4233 1955 4309 (bene
1984 4227 2269 4314 maleque

212 4328 402 4408 gestis)
430 4343 682 4415 graves.
726 4326 831 4392 Tu
860 4349 1003 4394 vero
1029 4329 1096 4393 in
1119 4352 1414 4414 generosa
1433 4334 1626 4402 animi
1645 4333 1852 4398 indole
1881 4348 2273 4416 permanens,

150 4438 168 4466 ·’
218 4426 265 4490 εἰ
290 4449 401 4514 qua
428 4433 617 4519 cupis
645 4432 889 4506 famam
916 4430 1159 4508 dulcem
1193 4455 1438 4520 semper
1470 4432 1863 4512 audire,;noli
1893 4449 2136 4514 parcere
2167 4435 2275 4508 ade-
