2925 5150
510 511 562 564 -4
616 486 623 493 “
688 576 697 587 ,
948 478 953 483 ’
1290 504 1820 571 οιΥΜΡιΑ.

1317 846 1872 922 OLYMP.11.

647 1053 1350 1147 THERONI
1410 1048 2588 1159 AGRIGENTlNO„

1418 1301 1780 1364 CURRU-

234 1462 241 1469 ⁹
351 1514 452 1564 su.
478 1516 532 1563 ι.
551 1462 944 1565 Cir-mma
986 1495 1269 1574 regentes
1324 1489 1567 1576 hymni,
1619 1510 1810 1574 quem
1872 1491 2085 1573 deum,
2143 1513 2333 1578 quem
2409 1491 2619 1571 heroe,

554 1612 818 1680 quemve
845 1590 1043 1656 virum
1075 1590 1507 1656 cantabimus?
1555 1589 1721 1654 Sane
1756 1590 2165 1670 (conveniunt
2187 1612 2312 1656 uno
2342 1592 2409 1657 in
2429 1611 2618 1676 argu·

554 1696 795 1779 mento)
831 1693 973 1761 Pisa
997 1692 1251 1781 quidem
1278 1693 1426 1759 Jovi
1473 1713 1664 1773 sacra,
1719 1693 2250 1780 Olympicumque
2306 1705 2619 1762 certamen

555 1799 831 1866 institnit
861 1798 1185 1875 Hercules,
1245 1796 1545 1882 primitias
1576 1795 2003 1862 manubiarum
2036 1798 2224 1879 belli3
2267 1799 2621 1865 Theronem

486 1942 493 1949 ·
560 1909 771 1969 autem
799 1900 1123 1986 quadrigas
1168 1900 1248 1965 ob
1280 1899 1561 1965 victrices
1618 1898 1919 1963 celebrare
1961 1896 2140 1983 juvat
2192 1923 2364 1982 voce,
2383 1900 2630 1987 justum

561 2004 895 2093 hospitem,
941 2004 1231 2069 columen
1278 1998 1632 2086 Agrigenti,
1658 2000 2078 2085 clarorumque
2123 2011 2368 2087 patrum
2418 2003 2632 2083 decus,

329 2132 451 2183 Ant.
467 2129 544 2182 13.
566 2097 832 2167 civitatis
859 2101 1141 2167 tutelam.
1182 2136 1273 2152 -
1312 2098 1445 2170 Qui
1482 2098 1732 2184 (patres)
1787 2118 1981 2182 quum
2028 2099 2386 2181 tolerassent
2412 2101 2638 2169 multa

565 2201 862 2282 animose,
893 2222 1128 2270 sacrem
1157 2200 1329 2269 fluvii
1375 2214 1629 2265 tenuere
1680 2198 1918 2280 aedem,
1962 2198 2318 2287 Siciliaque
2376 2205 2636 2269 suerunt

566 2307 815 2372 lumen:
860 2315 999 2372 tum
1027 2304 1156 2371 vita
1182 2325 1289 2370 eos
1316 2301 1562 2387 excepit
1586 2286 1738 2365 felix
1777 2321 1927 2387 opes
1955 2302 2344 2389 gratiamque
2361 2304 2642 2370 adferens

573 2408 730 2474 veria
759 2407 1118 2474 virtutibus.
1195 2406 1344 2487 Sed,
1372 2427 1413 2470 o
1434 2401 1724 2469 Saturnie
1747 2410 1889 2468 nate
1920 2402 2120 2483 Rhea,
2147 2403 2356 2470 aedem
2386 2404 2646 2492 Olympi

575 2509 945 2594 gubernans,
974 2506 1507 2594 certaminumque
1534 2503 1798 2590 apicem,
1823 2505 2187 2590 alveumque
2213 2506 2467 2593 Alphei,
2496 2507 2635 2594 pla-

580 2611 1065 2694 catuacarmine,
1091 2633 1311 2698 agrum
1340 2610 1612 2698 patrium
1641 2628 1812 2674 serva
1837 2607 2144 2694 propitius
2170 2629 2348 2695 porro
2371 2608 2654 2697 iptorum

396 2730 555 2798 epod.
580 2751 671 2767 —
695 2722 938 2803 postero
966 2716 1199 2801 generi.
1238 2714 1403 2786 Quae
1431 2715 1600 2779 facta
1618 2712 1870 2801 quidem
1898 2723 2066 2791 sunt,
2097 2734 2208 2780 eeu
2225 2683 2395 2801 juste
2415 2736 2525 2781 eeu
2552 2715 2657 2780 in-

449 2800 535 2850 29·
571 2817 765 2906 juste,
779 2817 1001 2885 horum
1022 2817 1262 2884 irritum
1282 2838 1360 2882 ne
1377 2824 1624 2904 tempus
1653 2813 1905 2902 quidem
1928 2814 2214 2883 omnium
2236 2837 2455 2903 mm
2468 2815 2666 2904 pouit

574 2923 825 2989 efficere
869 2930 1201 3003 eventum3
1263 2919 1330 2987 in
1392 2919 1769 2986 oblivionem
1815 2929 2049 2998 tamen,
2097 2919 2432 2988 secundam
2498 2918 2667 2986 inter

587 3027 923 3107 fortunam,
981 3025 1189 3092 venire
1234 3045 1308 3089 ea
1377 3031 1660 3109 possunt.
1749 3022 2065 3107 Prospera
2117 3023 2288 3092 enim
2347 3022 2665 3090 felicitatis

389 3136 490 3185 Str·
517 3137 571 3184 Ω·
594 3149 714 3193 usu
743 3128 980 3192 malum
1027 3123 1323 3191 infestum
1351 3131 1707 3209 superatum
1752 3123 2130 3209 obliteratur,
2154 3165 2248 3179 --
2293 3127 2543 3216 quando
2568 3126 2673 3192 dei

451 3200 539 3250 ⁸⁷⁶
602 3248 840 3293 numen
871 3224 1063 3291 mittit
1091 3225 1337 3291 eminus
1379 3223 1741 3292 beatitatem
1771 3227 2100 3296 excelsam.
2188 3229 2496 3317 Congruit
2520 3250 2667 3295 sen-

605 3326 798 3393 tentia
825 3324 889 3390 in
912 3325 1410 3411 pulchrithronas
1428 3325 1649 3393 Cadmi
1678 3326 1855 3408 filias,
1872 3349 2013 3414 quae
2031 3340 2180 3398 eunt
2205 3353 2431 3419 magna
2453 3331 2668 3416 (mala)

604 3438 913 3515 expertam
959 3427 1066 3494 sed
1097 3427 1373 3493 concidit
1399 3429 1601 3516 gravis
1631 3430 1834 3494 luctus
1864 3430 2096 3518 majore
2125 3432 2329 3500 victus
2357 3432 2680 3500 felicitate.

604 3529 775 3595 Vivit
802 3529 962 3597 inter
991 3528 1235 3597 coelites
1264 3531 1595 3596 interemta
1622 3530 1872 3616 quidem
1902 3534 2140 3621 fragore
2177 3534 2456 3602 fulminis
2485 3532 2679 3601 crini-

606 3636 722 3699 bus
765 3633 1015 3719 prolixis
1056 3642 1271 3699 ornata
1312 3633 1598 3714 Semele3
1642 3656 1886 3721 semper
1912 3639 2160 3705 adamat
2202 3661 2339 3706 eam
2386 3638 2586 3702 Pallas
2611 3645 2687 3702 et

377 3761 498 3811 Aac.
531 3761 580 3808 ι.
605 3735 857 3824 Jupiter
885 3736 1088 3819 Pater,
1117 3745 1404 3824 amatque
1433 3736 1631 3804 Filius
1672 3737 2008 3825 hederiger.
2048 3782 2140 3796 —
2167 3743 2366 3810 Aiunt
2393 3738 2582 3806 etiam
2611 3738 2683 3805 in

398 3931 405 3938 ἱ
470 3827 552 3878 ⁵¹·
608 3839 758 3907 mari
801 3841 964 3906 inter
991 3839 1181 3906 Nerei
1212 3839 1368 3906 filias
1394 3838 1659 3907 marinas
1691 3839 1878 3906 vitam
1908 3864 2021 3929 per
2047 3867 2235 3912 omne
2265 3853 2515 3929 tempus
2559 3842 2686 3906 im-

611 3943 934 4026 mortalem
995 3941 1131 4009 Inoi
1188 3941 1608 4008 constitutam.
1696 3940 1861 4008 Sane
1890 3950 2252 4016 mortalibus
2309 3967 2435 4012 non
2465 3942 2688 4029 cogni·

612 4058 749 4114 tum
781 4054 896 4127 est,
926 4065 1077 4111 num
1110 4044 1295 4112 vitam
1322 4064 1514 4130 usque
1543 4041 1620 4108 ad
1652 4053 1937 4130 mortem,
1963 4070 2040 4115 ne
2062 4051 2226 4117 diem
2253 4049 2504 4139 quidem
2529 4066 2688 4111 num

614 4171 836 4232 unum,
867 4147 1062 4214 filium
1093 4147 1261 4227 solis,
1307 4144 1701 4232 tranquillum
1746 4148 1954 4215 stabili
2001 4172 2149 4218 cum
2194 4155 2446 4220 fortuna
2487 4147 2694 4214 acturi

617 4252 831 4321 simus.
919 4249 1389 4318 vicissitudines
1416 4250 1583 4315 enim
1607 4249 1974 4334 gaudiorum
2005 4262 2070 4319 et
2098 4272 2511 4323 aerumnarum
2541 4247 2696 4314 alias

355 4369 597 4489 3902302.
620 4355 758 4424 211ae
786 4358 863 4426 ad
890 4356 1174 4428 homines
1219 4352 1505 4422 accedere
1535 4355 1756 4422 solent.
1797 4393 1890 4409 --
1930 4358 2141 4447 Atque
2194 4361 2284 4428 sic
2318 4358 2527 4439 Parca,
2549 4374 2693 4440 quoe
