2925 5150
649 475 737 535 64
794 492 797 499 ⁴
1480 446 1935 516 NEMEA..

641 637 947 704 'celebrate
969 627 1327 698 Timodemi
1354 625 1422 689 in
1440 622 1706 708 glorioso
1728 618 1952 698 reditu,
1970 613 2415 699 suavisonaque
2435 610 2735 696 auspica-

650 761 806 808 mm1
833 758 1003 803 voce.

1479 1224 1745 1303 NEM.
1794 1223 1934 1296 111.

718 1408 1801 1506 ARISTOGLIDAE
1882 1400 2691 1495 AEGINETAE,

1328 1629 2082 1733 PANCRATIASTAE.
2193 1722 2200 1729 -

457 1864 560 1915 scr.
592 1874 641 1918 ι.
671 1846 745 1927 Ο
784 1874 1197 1921 νΒΝΕΒΔΝΒΑ
1239 1852 1451 1930 Musa,
1483 1857 1681 1926 mater
1708 1856 1939 1929 nostra,
1968 1849 2227 1933 supplex
2272 1868 2402 1929 oro,
2428 1847 2505 1914 ad
2534 1846 2751 1933 bospi-

668 1959 857 2022 talem
882 1955 1005 2019 hoc
1034 1974 1207 2018 sacro
1235 1950 1539 2015 Nemeaeo
1566 1947 1773 2012 venias
1799 1947 2100 2011 Doricam
2126 1946 2394 2013 insulam
2421 1943 2746 2030 AEginam.

669 2061 919 2146 Aquam
964 2059 1132 2122 enim
1176 2062 1537 2139 exspectant
1573 2050 1738 2136 apud
1783 2049 2085 2135 Asopiam
2136 2050 2248 2135 (te)
2284 2049 2753 2114 mellisonorum

670 2163 931 2229 artifices
978 2163 1346 2245 hymnorum
1385 2154 1669 2241 juvenes,
1714 2164 1842 2219 tuae
1887 2153 2057 2217 vocis
2104 2152 2337 2245 cupidi.
2425 2150 2756 2216 Desiderat

673 2279 879 2332 autem
909 2287 1003 2329 res
1033 2264 1152 2327 alia
1178 2260 1344 2325 aliud
1361 2283 1382 2338 3
1429 2260 1837 2324 certaminum
1870 2278 2012 2322 vero
2041 2256 2297 2322 victoria
2311 2255 2584 2321 maxime
2598 2274 2754 2319 can-

616 2360 625 2385 ¹
674 2379 806 2434 tum
838 2376 1004 2432 amat
1034 2383 1394 2430 coronarum
1438 2362 1854 2446 virtutumque
1885 2360 2272 2446 aptissimum
2306 2358 2619 2423 comitem.
2666 2394 2762 2409 —-·

422 2480 548 2530 Ant.
571 2485 650 2529 ιιι.
676 2469 875 2555 Cujus
905 2468 1147 2553 copiam
1167 2465 1457 2551 deprome
1488 2486 1566 2527 ex
1589 2464 1841 2548 ingenio
1859 2485 2022 2542 mm,
2038 2462 2358 2548 ordireque
2376 2458 2518 2526 coeli
2533 2458 2764 2522 multi-

486 3103 644 3166 Epod.

537 3173 618 3218 27.

480 3607 579 3653 Str.
603 3610 650 3654 2.

538 3672 621 3722 ³8.

461 4339 573 4388 Ant.
599 4343 650 4391 2.

532 4409 614 4453 51.

676 2572 860 2637 nubis
888 2570 1043 2655 regi,
1095 2570 1221 2653 (tu)
1267 2566 1395 2633 filia
1445 2566 1660 2653 (ejus),
1702 2575 2030 2651 acceptum
2077 2567 2382 2652 hymnum
2401 2589 2424 2646 3
2467 2585 2584 2649 ego
2612 2584 2763 2628 vero

671 2675 874 2760 ipsum
907 2673 1120 2737 cantui
1150 2693 1364 2736 eorum
1393 2673 1664 2756 lyraeque
1693 2670 1950 2734 tradam.
2042 2669 2307 2735 Gratum
2337 2692 2482 2735 vero
2511 2667 2768 2733 habebit

670 2779 941 2841 laborem
973 2775 1166 2860 (hunc
1185 2775 1489 2859 hymnum
1512 2774 1749 2857 meum)
1774 2772 1996 2838 insulae
2013 2772 2203 2838 decus
2226 2772 2488 2858 (AEgina
2501 2775 2553 2855 ς)
2583 2773 2768 2858 Myr-

673 2880 953 2946 midones
984 2879 1088 2944 ubi
1119 2879 1296 2965 prisci
1345 2879 1734 2964 habitarunt:
1780 2897 2041 2962 quorum
2072 2876 2772 2963 antiquitus-celebrem

672 2995 926 3070 gentem
960 3004 1084 3048 non
1130 2982 1531 3047 dedecoribus
1573 2978 1969 3044 Aristoclides
2015 3001 2126 3065 pro
2172 2999 2278 3043 sua
2305 2977 2775 3044 contaminavit

672 3097 865 3170 parte,
896 3087 1128 3149 fractus
1171 3084 1235 3146 in
1261 3119 1350 3130 --
1398 3082 1700 3167 pancratii
1747 3093 1945 3147 coetu.
2031 3080 2499 3146 Laboriosarum
2546 3091 2774 3147 autem

672 3189 995 3273 plagarum
1041 3187 1322 3247 levamen
1370 3185 1611 3247 salubre
1634 3181 1708 3248 'in
1736 3185 1919 3250 fertili
1965 3184 2209 3249 Nemea
2255 3186 2470 3270 pulcra
2510 3184 2777 3250 victoria

676 3288 872 3350 affert.
959 3284 1120 3348 Cum
1144 3306 1284 3348 vero
1300 3285 1462 3349 idem
1484 3286 1812 3368 formosuS,
1824 3290 2042 3352 formae
2064 3297 2478 3353 consentanea
2494 3296 2776 3373 patrans,

677 3388 754 3452 ad
785 3387 1075 3452 virtutem
1123 3410 1475 3473 supremam
1522 3399 1768 3455 evectus
1797 3392 1875 3455 sit
1914 3391 2080 3456 filius
2122 3391 2552 3479 Aristophanis
2572 3401 2611 3456 ε·
2639 3414 2779 3460 non

677 3490 734 3555 ei
756 3488 889 3575 jam
922 3490 1174 3555 ulterius
1203 3492 1441 3556 invium
1481 3481 1667 3575 mare,
1700 3496 2025 3560 columnas
2057 3497 2217 3559 ultra
2248 3495 2564 3577 HercuIiS,
2593 3495 2778 3582 traji-

679 3614 814 3657 cere
838 3594 1019 3657 facile
1048 3605 1182 3659 ests
1228 3632 1318 3644 —-
1362 3595 1566 3661 Heros
1594 3597 1744 3661 deus
1784 3619 1934 3682 quas
1978 3598 2185 3683 posuit
2215 3597 2628 3684 navigationis
2657 3622 2777 3663 ex-

678 3705 894 3761 tremae
926 3705 1109 3761 testes
1155 3698 1440 3777 inclitas3
1501 3711 1824 3786 postquam
1868 3701 2110 3766 domuit
2156 3703 2390 3767 belluas
2431 3702 2499 3766 in
2545 3704 2780 3787 pelago

675 3802 980 3886 ingentes,
1012 3801 1377 3888 proprioque
1406 3803 1665 3889 consilio
1711 3815 2015 3869 scrutatus
2043 3813 2138 3868 est
2166 3804 2464 3890 paludum
2508 3806 2782 3888 fluenta,

673 3924 995 3991 quousque
1017 3905 1248 3984 reditus
1277 3907 1579 3972 terminus
1605 3916 1793 3993 patet,
1822 3908 2134 3993 processit,
2162 3916 2509 3993 terramque
2549 3917 2782 3974 notam

676 4008 847 4074 fecit.
934 4008 1184 4089 Anime,
1202 4009 1515 4093 quodnam
1536 4011 1611 4076 ad
1629 4009 2542 4097 peregrinumsspromontorium
2560 4031 2783 4078 meam

676 4111 1135 4196 navigationem
1165 4110 1483 4176 deflectis?
1534 4112 1733 4178 AEaco
1763 4122 1826 4177 te
1859 4111 2054 4198 jubeo
2084 4113 2417 4198 generique
2444 4112 2581 4199 ejus
2612 4112 2787 4178 Mu-

675 4235 804 4279 sam
848 4216 1079 4280 afferre.
1169 4215 1361 4280 Adest
1403 4236 1546 4281 vero
1587 4216 1845 4282 carmini
1891 4216 2203 4303 aequitatis
2247 4218 2359 4282 flos
2406 4203 2735 4303 (aequitas)
2763 4239 2785 4280 z

683 4316 871 4401 (quod
908 4315 1116 4404 jubet)
1154 4299 1362 4400 ,bonos
1403 4319 1691 4400 laudarc;
1736 4355 1826 4372 ·--
1855 4318 2077 4406 Neque
2122 4318 2463 4388 alienarum
2509 4319 2788 4387 laudum

2799 1302 2808 1307 ’
2863 1384 2870 1531 κ

2873 1694 2876 1737 l

2877 1772 2878 1797 κ
