2925 5150
762 485 848 543 ⁴3
915 444 921 451 ’
1418 468 1429 477 “
1575 475 2028 544 ΡῩΤΗΙΑ.

550 660 664 710 Ant.
687 666 733 712 s.
762 649 1032 713 maxime
1061 648 1135 711 ad
1167 650 1445 730 regulam
1474 647 1729 727 incedit,
1772 684 1861 697 ——
1902 658 2246 735 patruoque
2282 649 2615 735 (proxime)
2666 672 2833 718 acce·

613 732 701 780 ⁴⁶·
758 754 936 831 dens,
966 753 1152 817 decus
1200 746 1494 835 (virtutis)
1533 752 1826 816 exhibet:
1872 751 2318 838 prudentiaque
2370 751 2613 819 divitias
2660 757 2830 840 regit,

760 876 877 918 nec
898 852 1200 938 injustum
1236 877 1350 919 nec
1387 855 1759 947 insolentem
1783 852 2062 938 juventae
2097 855 2310 917 florem
2343 854 2697 940 decerpem,
2727 858 2825 922 sed

753 956 1117 1041 sapientiam
1151 958 1216 1021 in
1263 954 1602 1022 recessibus
1654 954 1989 1020 Pieridum.
2079 955 2179 1020 Ad
2226 966 2288 1021 te
2339 978 2608 1041 quoque,
2652 969 2822 1023 terrae

751 1070 1086 1144 quassator,
1109 1059 1219 1143 qui
1248 1068 1594 1144 equestrem
1641 1056 1957 1121 incessum
1987 1044 2299 1137 invenisti,
2352 1058 2527 1149 valde
2574 1061 2821 1150 probato

739 1158 921 1245 (tibi)
940 1160 1174 1240 animo,
1193 1161 1511 1246 Neptune,
1532 1182 1662 1226 sese
1682 1161 1973 1245 applicat.
2060 1159 2284 1226 Dulcis
2303 1182 2443 1226 vero
2466 1160 2600 1246 ejus
2627 1183 2818 1240 menS,

748 1267 937 1330 etiam
970 1263 1035 1326 in
1067 1265 1504 1344 conversando,
1535 1284 1679 1328 cum
1712 1260 2010 1341 conviviS,
2034 1283 2221 1348 apum
2253 1272 2499 1350 superat
2515 1265 2816 1329 cancella-

749 1379 886 1434 tum
914 1388 1094 1491 opus.

986 1954 999 1964 ,
1519 1843 1840 1919 PYTH.
1888 1842 2046 1915 vll.

910 2026 1424 2115 MEGAC
1458 2027 1596 2111 Ll
1663 2026 2061 2111 ATHE
2098 2023 2657 2119 NIENSI,

1518 2249 2078 2322 QUADRIGIS.

518 2473 620 2523 gu,
650 2478 701 2523 1,
732 2418 1275 2509 Purcnaamtm
1308 2463 1535 2528 magna
1553 2443 1696 2507 urlis
1714 2441 1979 2505 Athenae
2011 2444 2219 2524 (sunt)
2254 2431 2655 2527 prooemium‚
2678 2450 2814 2524 quo

727 2546 1297 2614 Alcmaeonidarum
1321 2543 1719 2632 late-potenti
1746 2542 1919 2630 stirpi
1951 2542 2419 2608 fundamentum
2452 2539 2810 2606 carminum

688 2691 691 2696 -
726 2650 805 2720 in„
822 2649 1249 2734 quadrigarum
1280 2647 1531 2712 victoria
1550 2645 1835 2732 jaciatur.
1925 2645 2244 2730 Siquidem
2292 2664 2630 2729 quamnam
2690 2641 2813 2707 tri-

725 2753 902 2832 bum,
935 2772 1247 2838 quamque
1276 2750 1579 2814 familiam
1611 2741 1997 2814 habitantem
2047 2752 2115 2815 in
2168 2747 2417 2812 Graecia
2461 2745 2816 2832 praedicem

400 2845 407 2850 ⁸
502 2887 698 2939 Auis.
724 2856 895 2919 fama
922 2853 1361 2917 illustriorem?
1409 2877 1497 2902 -·--
1540 2852 1618 2915 Ῑῐι
1668 2850 1960 2916 omnibus
2005 2852 2172 2916 enim
2229 2848 2582 2912 civitatibus
2638 2848 2824 2911 fama

722 2965 995 3021 versatur
1023 2952 1364 3017 Erechthei
1400 2951 1657 3028 civium,
1691 2949 2344 3029 (Alcmaeonidarum,)
2377 2947 2485 3031 qui
2513 2955 2738 3027 tuam,
2784 2967 2827 3010 o

721 3058 972 3142 Apono,
1004 3055 1200 3119 aedem
1228 3054 1294 3115 in
1327 3050 1613 3134 Pythone
1646 3049 1851 3114 divina
1881 3040 2302 3115 admirandam
2330 3057 2823 3114 esstruxerunt.

721 3158 1065 3240 Impellunt
1087 3175 1230 3217 vero
1259 3152 1445 3216 etiam
1480 3174 1581 3215 me
1615 3152 1690 3216 ad
1723 3154 2076 3219 canendum
2105 3153 2381 3239 quinque
2427 3152 2492 3216 in
2544 3149 2824 3220 Isthmo

719 3258 1018 3334 victoriae,
1049 3275 1295 3338 unaque
1323 3277 1441 3340 pm
1453 3256 1871 3341 cellensapud
1901 3254 2077 3321 Jovis
2108 3256 2493 3342 Olympiam,
2523 3255 2825 3342 duaeque
2907 3291 2910 3304 ‹

537 3387 693 3448 Epod.
719 3382 754 3425 e
786 3359 1025 3439 Cirrha,
1052 3395 1141 3406 ——
1171 3367 1406 3439 vestrae,
1438 3381 1478 3423 o
1503 3360 1842 3444 Megacles,
1867 3369 1929 3423 et
1957 3359 2439 3446 progenitorum.
2529 3358 2826 3446 Nupero

582 3457 659 3502 ¹⁵·
716 3472 929 3527 autem
960 3461 1247 3526 successu
1275 3461 1436 3525 felici
1466 3461 1706 3545 gaudeo
1737 3461 2163 3545 aliquantum3
2210 3461 2273 3526 id
2302 3484 2444 3527 vero
2461 3461 2686 3543 dolce,
2713 3461 2822 3527 in-

714 3566 941 3631 vidiam
970 3565 1249 3652 excipere
1266 3568 1560 3651 praeclara
1576 3565 1866 3629 facinora.
1881 3553 2114 3630 *Aiunt
2133 3566 2364 3649 utique,
2389 3568 2569 3649 (noto
2593 3565 2816 3648 dicto)

712 3669 801 3732 sie
833 3668 1089 3748 homini,
1121 3669 1187 3733 in
1216 3669 1418 3734 stabili
1449 3669 1637 3733 etiam
1687 3670 2060 3754 florenteque
2106 3668 2424 3751 felicitate,
2472 3670 2832 3756 quandam

694 3781 919 3842 ‚tamen
951 3793 1155 3838 rerum
1186 3757 1677 3838 vicissitudinem
1711 3774 1982 3838 accidere
2010 3774 2227 3837 solere.
