2925 5150
902 576 1359 645 CARMEN
1407 581 1532 645 m.
2226 592 2261 647 7

200 752 539 818 taminum.
600 790 693 801 -
750 750 997 836 Populo
1056 770 1279 833 nempe
1351 750 1883 834 Hyperboreorum
1959 755 2266 839 Apollinis
2290 762 2384 822 8η,
2403 780 2451 825 2.

200 855 432 918 cultori
460 851 762 938 persuasit
784 851 1085 936 petiitque
1107 851 1211 915 ille
1242 851 1424 915 fidam
1460 851 1818 915 memoriam
1837 874 2072 920 servans
2095 856 2271 923 Jovis
2324 843 2412 888 ’θ’

197 953 499 1039 hospitali
522 957 667 1020 luco
689 954 1047 1018 umbrosum
1065 972 1341 1035 germen,
1370 952 1850 1039 hominibusque
1874 956 2060 1021 simul
2084 957 2272 1022 virtu-

197 1058 280 1121 tis
313 1079 627 1121 coronam.
712 1056 856 1121 Jam
891 1054 1056 1119 enim
1084 1063 1219 1121 tum
1252 1055 1331 1135 ei,
1363 1066 1503 1140 post
1531 1076 1663 1119 aras
1683 1056 1845 1142 patri
1875 1070 2277 1140 consecratas,

190 1158 387 1222 Luna
415 1178 599 1222 curru
621 1176 805 1221 aureo
834 1166 1035 1236 vecta,
1069 1158 1303 1240 (antea)
1333 1156 1676 1238 dimidiata,
1702 1159 1890 1243 pleno
1917 1158 2035 1224 sub
2065 1178 2278 1246 vespe·

197 1282 325 1326 ram
383 1260 621 1323 lumine
663 1261 993 1338 affulserat,
1034 1298 1121 1307 —-
1174 1256 1427 1345 jamque
1458 1281 1827 1343 magnorum
1870 1264 2279 1328 certaminum
2305 1289 2416 1337 Am,
2439 1296 2486 1340 ς,

199 1373 489 1427 sanctum
525 1359 833 1446 judicium
865 1360 1162 1446 ludosque
1189 1361 1377 1425 simul
1403 1344 1891 1446 quinquennales
1935 1360 2282 1430 instituerat
2373 1358 2450 1403 ³⁷·

203 1464 440 1528 divinas
470 1464 549 1528 ad
576 1465 737 1548 ripas
768 1463 1034 1548 Alphei:
1082 1463 1187 1528 sed
1221 1465 1497 1529 nondum
1549 1466 1793 1550 pulcras
1837 1470 2078 1532 arbores
2130 1490 2278 1554 pro-

201 1567 584 1648 germinabat
613 1587 761 1650 ager
809 1564 1049 1651 Pelopis
1078 1566 1143 1631 in
1174 1567 1431 1654 planitie
1477 1567 1754 1633 Saturnii
1812 1570 2062 1657 (collis).
2151 1569 2278 1634 His

201 1654 531 1734 destitutus
558 1670 731 1733 locus
774 1690 1064 1735 amoenus
1093 1690 1290 1757 quum
1324 1669 1630 1734 videretur
1657 1671 1716 1735 ei
1745 1671 1939 1735 acutis
1967 1671 2278 1737 obnoxius

205 1791 332 1833 esse
374 1772 557 1835 radiis
583 1771 918 1851 solis‚·tum
959 1770 1023 1834 in
1054 1779 1274 1834 terram
1308 1771 1555 1837 Istriam
1607 1783 1682 1836 ut
1709 1771 2105 1837 contenderet
2134 1772 2272 1837 ani-

210 1894 351 1936 mus
396 1874 828 1958 cumimpulin
870 1908 962 1923 —-
1004 1873 1102 1939 Ibi
1148 1873 1408 1939 Latonae
1456 1896 1759 1959 equorum
1804 1875 2102 1960 agitatrix
2146 1876 2278 1941 filia
2296 1899 2447 1963 3900,

208 1973 456 2059 excepit
486 1975 827 2041 venientem
860 1975 1145 2040 Arcadiae
1175 1997 1211 2038 a
1225 1974 1397 2061 jugis
1420 1986 1484 2041 et
1511 1979 1675 2042 varie
1703 1979 1988 2043 flexuosis
2016 1978 2270 2043 mcessi-
2312 1972 2357 2015 ²·
2378 1969 2459 2015 ⁴⁶·

206 2075 336 2154 bus,
362 2099 560 2162 quum
581 2075 760 2163 jussu
790 2076 1125 2163 Eurysthei
1177 2079 1509 2142 necessitas
1535 2099 1576 2140 a
1602 2087 1773 2163 patre
1814 2080 2105 2164 imposita
2125 2101 2270 2144 οω-

206 2179 391 2262 gisset
417 2202 560 2245 eum
592 2181 892 2245 adducere
908 2181 1297 2245 auricornem
1324 2200 1591 2259 cervam,
1615 2199 1802 2263 quam
1829 2182 1978 2245 olim
1996 2181 2276 2266 Taygeta

204 2280 425 2348 Dianae
487 2283 779 2347 dedicans
835 2304 1066 2347 sacram
1122 2282 1533 2371 inscripserat.
1576 2321 1668 2331 —
1712 2282 1902 2347 Hanc
1949 2283 2277 2375 insequens
2300 2302 2393 2352 Str.
2416 2306 2464 2352 s.

203 2384 353 2450 vidit
379 2395 438 2450 et
466 2386 637 2451 illam
668 2395 919 2463 terram,
946 2387 1126 2472 flatus
1149 2406 1187 2448 a
1209 2394 1381 2467 tergo
1405 2376 1626 2451 Boreae
1649 2383 1878 2469 frigidi.
1965 2383 2063 2448 Ibi
2094 2387 2275 2481 arhp·
2364 2368 2446 2421 ⁵⁵·

205 2508 296 2550 res
335 2480 669 2553 admiratus
713 2484 1033 2567 constitit3
1093 2487 1405 2573 dulceque
1448 2507 1592 2550 eum
1640 2485 1846 2550 tenuit
1883 2486 2276 2573 desiderium,

215 2589 369 2654 cirea
394 2591 675 2656 curriculi
703 2590 1001 2675 equestris
1034 2599 1265 2656 metam
1306 2588 1644 2654 duodecies
1691 2574 2275 2656 circumvehendam

216 2711 319 2755 eas
344 2694 674 2777 plantandi.
755 2698 966 2780 Atque
988 2694 1172 2760 etiam
1194 2716 1365 2760 nunc
1400 2693 1625 2757 adhoc
1648 2695 1944 2759 sollemne
1967 2693 2274 2780 propitius

214 2794 383 2858 venit
428 2816 572 2860 cum
615 2798 952 2862 altecinctae
995 2797 1191 2861 Ledae
1233 2794 1499 2880 geminis
1541 2796 1762 2860 divinis
1805 2796 1968 2861 filiis.
2011 2833 2102 2846 —-
2147 2796 2273 2862 His
2304 2827 2414 2873 Am,
2443 2830 2492 2876 ³.

205 2896 367 2962 enim
399 2897 710 2978 mandavit
733 2900 947 2965 abiens
974 2898 1054 2966 ad
1084 2889 1455 2994 Olympum,
1486 2905 1561 2959 ut
1579 2906 1865 2978 regerent
1896 2899 2134 2959 celebre
2178 2897 2271 2958 vi·
2385 2891 2469 2942 ⁶⁴·

200 3021 525 3088 torumque
551 3002 629 3066 de
645 3001 872 3086 virtute
900 3019 1316 3090 curruumque
1346 2998 1545 3062 veloci
1573 2995 1909 3084 agitatione
1939 3004 2271 3064 certamen.

202 3103 311 3168 Me
338 3105 533 3191 igitur
572 3107 817 3172 animus
846 3103 1109 3191 impellit
1150 3100 1572 3188 pronuntiare,
1600 3098 1999 3188 Emmeuidis
2023 3099 2270 3166 Thero-

198 3206 376 3293 nique
397 3207 640 3276 venisse
668 3203 1012 3286 victoriam,
1027 3204 1513 3289 Tyndaridarum
1532 3203 1906 3294 equestrium
1928 3202 2272 3292 beneficioj

200 3310 487 3394 quoniam
512 3309 857 3396 plurimum
888 3309 1049 3372 inter
1074 3309 1362 3372 mortales
1386 3306 1802 3391 hospitalibus·
1813 3304 2007 3392 epulis
2031 3307 2266 3394 βασι)-

203 3431 354 3491 rum,
402 3410 752 3494 sacrificiis)
810 3409 1091 3494 plurimis
1155 3431 1262 3474 eos
1325 3411 1559 3488 colunt,
1602 3448 1693 3457 —
1732 3406 2014 3491 religiosa
2057 3417 2265 3472 mente
2294 3427 2448 3493 Epod.

202 3513 585 3580 observantes
611 3514 871 3577 deorum
900 3513 1080 3575 festa.
1172 3510 1263 3576 Ut
1291 3533 1436 3577 vero
1463 3531 1627 3596 aqua
1652 3509 2065 3596 principatum
2094 3517 2266 3574 tenet
2287 3496 2335 3548 ³·
2356 3500 2437 3546 ⁷³·

199 3616 344 3683 inter
369 3622 713 3697 elementa,
746 3617 1022 3701 interque
1049 3636 1198 3700 opes
1226 3615 1736 3700 pretiosissimum
1764 3622 1859 3678 est
1888 3633 2141 3676 aurum:
2175 3613 2266 3678 sic
2343 3597 2356 3616 “

197 3740 353 3787 nunc
380 3722 648 3787 Theron
677 3727 1024 3784 extremum
1046 3715 1396 3784 ‚terminum
1425 3717 1650 3782 virtute
1677 3715 2050 3799 adsequut'us
2072 3715 2264 3778 attin-

190 3824 277 3907 git
304 3833 478 3910 parta
507 3845 550 3887 a
570 3842 648 3886 se
677 3823 860 3884 laude
889 3819 1184 3886 Herculis
1216 3822 1538 3886 columnas
1553 3842 1576 3899 3
1621 3819 1782 3882 ultra
1808 3837 1957 3901 quas
1986 3815 2268 3899 progredi

188 3944 298 3991 nec
330 3926 728 4016 sapientibus
756 3933 853 3990 est
882 3941 1241 3989 concessum
1272 3945 1389 3990 nec
1417 3919 1868 4010 insipientibus.
1940 3918 2092 3982 Non
2121 3938 2269 3981 sane

186 4029 431 4097 tendam
462 4030 774 4095 ulterius:
821 4049 1016 4095 vanus
1044 4049 1263 4094 essem.
