2925 5150
942 417 1406 487 CARMEN
1452 396 1571 484 1111
2219 421 2302 481 ⁶⁵

126 636 131 641 .
214 584 500 651 §tridium
566 570 944 674 quemquam
1003 587 1237 652 adferre
1293 591 1384 652 fas
1438 596 1548 651 est.
1631 586 2005 651 Domestica
2075 608 2305 672 quaere.

226 683 659 753 Commodum
691 698 895 753 autern
926 689 1115 754 decus
1156 689 1445 775 accepisti
1482 689 1715 773 (habes)
1750 689 1825 754 ad
1869 691 2047 753 dulce
2074 689 2309 775 aliquid

224 788 608 854 canendum.
662 790 861 855 ·Nam
887 792 1156 876 antiquis
1192 791 1556 876 (antiquitus
1591 789 1750 876 jam)
1785 792 2105 855 virtutibus
2134 791 2308 874 gavi-

224 910 330 952 sus
360 902 459 953 est
491 889 709 955 Peleus
737 914 865 971 rex,
907 893 1194 956 eximiam
1242 893 1479 955 hastam
1526 913 1721 976 quum
1766 894 2161 970 resecuisset3
2205 892 2311 976 qui

229 1000 296 1055 et
325 992 570 1067 Iolcum
602 994 978 1078 expugnavit
1013 995 1179 1058 solus
1211 994 1345 1058 sine
1374 996 1672 1071 exercitu,
1701 1008 1764 1059 et
1790 996 2025 1059 marina
2050 993 2314 1058 Thetide

204 1150 207 1155 ,
224 1096 467 1177 potitus
509 1105 603 1158 est
634 1092 1049 1180 magno'cum
1081 1091 1302 1161 labore.
1385 1097 1882 1189 vLaomedontem
1912 1107 2122 1162 autem
2153 1117 2317 1180 prte-

228 1204 449 1280 potens
477 1196 814 1280 Telamon,
843 1199 1017 1264 Iolao
1046 1203 1204 1265 latus
1229 1215 1469 1283 tegenS,
1495 1199 1856 1285 prostravit3
1900 1237 1992 1248 -—
2034 1209 2097 1261 et
2119 1218 2315 1283 quon·

236 1296 369 1361 dam
401 1301 1118 1385 aereo-areminsignium
1148 1304 1547 1365 Amazonum
1591 1302 1668 1366 ad
1698 1301 2319 1366 exercitum’secutus

239 1410 326 1462 est
348 1423 519 1481 eum,
540 1424 741 1485 neque
765 1403 878 1487 ipsi
912 1425 1184 1488 unquam
1214 1404 1400 1469 timor
1417 1404 1991 1469 virorum-domitor
2018 1401 2321 1471 exstinxit

242 1501 661 1566 fortitudinem
694 1505 907 1570 animi.
964 1552 969 1557 ,
997 1506 1347 1592 Congenita
1373 1518 1582 1570 autem
1607 1509 1869 1591 quisque
1896 1507 2123 1571 virtute
2153 1507 2316 1571 mul-

244 1611 373 1667 tum
401 1604 705 1682 excellit3.
728 1608 837 1690 qui
896 1630 1036 1672 vero
1092 1631 1129 1672 e
1174 1608 1497 1697 disciplina
1554 1611 1815 1694 accepit,
1873 1609 2169 1672 obscurus
2201 1607 2313 1687 vir,

253 1706 397 1768 alias
425 1706 538 1769 alia
565 1708 799 1790 spirans
836 1710 1177 1792 (moliens),
1207 1732 1527 1794 nunquam
1575 1711 1752 1775 firmo
1782 1711 2014 1776 incedit
2042 1710 2219 1795 pede,
2249 1719 2312 1772 et

258 1817 540 1870 sexcenta
554 1810 838 1892 praeclara
852 1812 1126 1875 facinora
1141 1811 1435 1876 imbecilli
1457 1816 1964 1896 mentedegustat
1989 1812 2283 1895 (affectat)
2295 1869 2311 1887 ,

253 1940 344 1952 —
380 1903 599 1969 Flavus
622 1919 826 1972 autem
878 1910 1156 1974 Achilles
1198 1908 1757 1993 partim-quamdiu
1790 1910 2018 1972 mansit
2051 1908 2313 1992 Philyrae
2337 1926 2431 1974 ser.
2454 1926 2508 1974 3.

249 2005 315 2071 in
344 2006 599 2087 edibus,
632 2031 784 2094 puer
810 2012 1049 2091 adhuc,
1066 2012 1347 2076 ludebat
1367 2010 1663 2094 (ludendo
1705 2012 2024 2093 tractabat)
2063 2030 2318 2093 magnas
2369 1994 2457 2040 ⁷⁵·
2483 2062 2489 2081 .

252 2129 362 2188 res,
386 2112 673 2176 manibus
717 2116 926 2179 crebro
971 2115 1166 2180 brevi·
1175 2117 1359 2180 ferro·
1369 2113 1680 2177 munitum
1715 2112 1994 2199 jaculum
2042 2114 2329 2207 vibrans3

255 2212 569 2299 ventisque
588 2237 729 2300 par3
757 2240 972 2303 pugna
994 2220 1273 2282 leonibus
1291 2219 1432 2283 feris
1454 2219 1821 2282 moliebatur
1838 2215 2101 2296 caedem,
2120 2238 2332 2301 apros-

257 2335 371 2399 que
399 2317 806 2398 conficiebat3
850 2342 1218 2403 corporaque
1248 2321 1324 2385 ad
1355 2320 1713 2384 Saturnium
1766 2318 2149 2393 Centaurum
2198 2322 2329 2404 pal-

261 2418 509 2500 pitantia
564 2422 872 2505 portabat,
904 2420 1212 2495 sexennis
1273 2421 1585 2505 primum;
1659 2422 1935 2508 (partim)
2001 2444 2139 2488 vero
2197 2432 2332 2487 toto

271 2516 539 2605 deinceps
579 2533 859 2608 tempore
905 2544 1047 2589 eum
1097 2524 1572 2616 obstupescebat
1600 2523 1929 2611 Dianaque
1957 2537 2022 2591 et
2049 2526 2327 2591 animosa
2419 2564 2424 2571 -

277 2618 549 2686 Minerva
584 2662 671 2672 —-
714 2625 1188 2689 interficientem
1240 2647 1447 2689 cervos
1494 2627 1628 2689 sine
1676 2621 2326 2711 canibus-dolosisque
2351 2613 2531 2725 ᾹΒἮᾸ·

274 2721 477 2804 septis.
562 2722 817 2790 Pedibus
836 2728 1002 2790 enim
1025 2728 1285 2789 valebat.
1356 2709 1788 2790 Narrationem
1811 2749 1951 2790 vero
1968 2728 2127 2791 hanc
2145 2738 2329 2790 teneo
2450 2713 2463 2726 ’

262 2822 565 2906 priscam..
641 2825 914 2892 Prudens
945 2827 1177 2891 Chiron
1209 2825 1490 2889 educavit
1512 2847 1696 2888 saxeo
1717 2828 2014 2891 Jasonem
2046 2828 2110 2890 in
2141 2837 2332 2904 tecto,

176 2983 181 2988 .
264 2934 324 2988 et
364 2937 571 3011 postea
619 2928 702 2992 ibi
753 2929 1215 3015 AEsculapium,
1246 2948 1430 3011 quem
1485 2927 2077 2991 medicamentorum
2126 2926 2339 2990 docuit

263 3028 426 3092 molli
484 3053 685 3095 manu
743 3032 1249 3116 applicandorum
1308 3030 1633 3095 rationem.
1718 3029 2073 3114 Despondit
2129 3040 2344 3116 postea

267 3127 494 3216 (Peleo)
561 3132 1197 3198 brachiis-venustam
1247 3132 1437 3196 Nerei
1497 3132 1712 3212 filiam,
1761 3134 2160 3218 sobolemque
2206 3131 2341 3218 ejus

252 3237 836 3320 ‚praestantissimam
892 3238 1252 3321 (Achillem)
1290 3237 1598 3317 educavit,
1629 3238 2134 3303 convenientibus
2175 3260 2337 3323 proe-

266 3341 442 3424 ceptis
485 3352 709 3406 toturn
739 3338 872 3426 ejus
917 3342 1195 3405 animum
1228 3341 1558 3405 imbuens·
1602 3379 1693 3389 —
1735 3353 1807 3404 ut
1838 3341 2085 3406 marinis
2116 3352 2335 3406 vento-
2364 3323 2532 3438 Ειζιῗ·

266 3463 385 3506 mm
413 3445 806 3531 impulsibus
835 3445 1133 3509 deductus
1162 3445 1239 3509 ad
1265 3442 1518 3528 Trojam
1544 3445 1969 3510 hastifremum
1994 3446 2336 3510 tumultum

267 3537 732 3631 Lyciorumque
786 3546 1112 3611 sustineret
1157 3557 1221 3610 et
1270 3546 1585 3630 Phrygum
1636 3546 2237 3631 Dardaniorumque,
2277 3555 2347 3608 et

264 3667 395 3712 cum
439 3649 789 3734 bastigeris
839 3670 1203 3732 congressus
1254 3639 1663 3733 AEtbiopibus
1717 3669 1940 3713 manus
1975 3641 2364 3733 praecordiis

261 3749 565 3834 infigeret,
621 3760 704 3814 ut
764 3772 841 3814 ne
901 3750 1146 3814 illorum
1201 3771 1330 3828 rex,
1382 3750 1614 3814 Heleni
1667 3751 1983 3833 patrueliS‚
2036 3751 2351 3813 animosus

262 3848 569 3915 Memnon
621 3852 890 3916 domum
939 3851 1161 3915 iterum
1211 3852 1448 3916 rediret.
1489 3890 1580 3904 -—
1627 3851 1781 3916 Inde
1810 3854 2023 3948 procul
2054 3851 2355 3930 effulgens
2380 3859 2549 3976 siri:

2343 1185 2437 1244 Ep.
2464 1189 2511 1234 Ξ.

2372 1254 2453 1301 64.

261 3952 490 4017 exstitit
518 3956 758 4018 lumen
793 3953 1220 4034 AEacidarum,
1251 3975 1289 4017 o
1317 3952 1585 4038 Jupiter.
1674 3952 1851 4018 Tuus
1894 3955 2064 4017 enim
2111 3947 2361 4031 sanguis

260 4062 450 4135 sunt).
578 4053 811 4119 Tuum
864 4077 1003 4120 vero
1053 4056 1240 4120 etiam
1293 4066 1606 4121 certamen
1663 4057 1835 4139 (est),
1880 4050 2048 4138 quod
2093 4048 2363 4130 hymnus

232 4233 245 4241 ,
267 4159 422 4236 (hic)
454 4157 692 4242 attigit
724 4177 876 4219 voce
900 4149 1229 4241 juvenum,
1260 4156 1662 4222 domesticam
1687 4157 2009 4220 victoriam
2034 4149 2370 4224 celebrans-

272 4256 510 4328 Cantus
542 4280 710 4325 vero
744 4261 1039 4326 victorem
1073 4259 1504 4330 Aristoclidem
1537 4265 1716 4323 ornat
1734 4279 1755 4335 3
1798 4255 1908 4339 qui
1937 4253 2175 4316 hancce
2204 4251 2375 4319 insu·

452 4384 612 4429 vor..
666 4382 750 4426 rr.
986 4395 993 4402 -
1439 4380 1487 4425 ι
