2925 5150
667 494 765 566 η
1374 526 1383 535 .
1509 474 1930 546 ΠΕΜΕΑ.
2049 472 2062 485 ’

1483 1058 1747 1134 ΝΕΜ.
1801 1057 1944 1133 IX.

1110 1256 1762 1343 CHROMIO
1806 1253 2368 1351 AETNAEo,

1442 1514 1455 1521 ·
1539 1492 1904 1555 CURRU.

476 1718 671 1770 Duode-
694 1702 1019 1785 Ponam
1063 1733 1209 1777 cum
1256 1720 1445 1776 cantu
1491 1709 1792 1775 ducemus
1822 1710 1898 1775 ab
1928 1708 2222 1794 Apolline
2249 1731 2285 1773 e
2314 1707 2587 1796 Sicyone
2633 1732 2784 1797 pro-

498 1800 580 1834 a·
603 1788 663 1834 ¹‘
693 1813 870 1899 fecti,
898 1834 939 1876 o
966 1809 1202 1892 Musae,
1220 1807 1787 1895 recens-conditam
1813 1807 1880 1872 iu
1911 1806 2198 1888 AEtnam,
2230 1808 2342 1873 ubi
2368 1820 2601 1894 apertae
2634 1810 2782 1876 hos·

694 1918 935 2005 pitibus
960 1910 1038 1981 ad
1082 1912 1423 1999 ingressum
1456 1919 1676 1997 patent
1716 1918 1933 1997 portae,
1964 1911 2209 1975 beatam
2255 1911 2323 1974 in
2354 1911 2639 1978 Chromii
2667 1912 2784 1977 do·

697 2042 899 2087 mum.
984 2019 1075 2083 At
1114 2016 1464 2083 carminum
1512 2013 1761 2079 dulcem
1792 2013 2099 2097 hymnum
2130 2013 2344 2079 texite.
2404 2011 2787 2100 Equis-vin-

698 2131 877 2191 cente
938 2121 1106 2186 enim
1168 2140 1354 2184 curru
1404 2116 1726 2196 adscenso,
1776 2115 1961 2180 matri
2024 2114 2342 2194 (Latonae)
2400 2124 2464 2180 et
2521 2117 2796 2200 geminis

696 2225 903 2292 liberis
932 2221 1067 2310 ejus
1096 2232 1357 2287 cantum
1386 2219 1737 2299 denuntiat,
1771 2216 2079 2304 Pythonis
2108 2221 2376 2285 excelsae
2409 2217 2802 2286 consortibus

436 2337 597 2388 huod.
629 2328 1173 2414 aninspectoribuS.
1205 2363 1294 2374 —
1322 2323 1441 2387 Est
1471 2344 1614 2386 vero
1643 2320 1952 2407 quoddam
1986 2322 2223 2388 dictum
2251 2322 2618 2388 hominum:
2664 2347 2803 2391 rem

564 2407 642 2453 ¹³·
700 2432 994 2516 praeclare
1025 2436 1264 2512 gestam
1296 2446 1423 2489 non
1454 2424 1631 2488 humi
1662 2425 1912 2490 silentio
1943 2425 2305 2511 tegendam.
2389 2425 2657 2492 Divinus
2681 2450 2806 2493 au·-

702 2541 832 2597 tem
894 2530 1185 2595 carminis
1235 2527 1561 2593 laudatorii
1616 2538 1839 2594 cantus
1883 2537 2357 2595 consentaneus.
2441 2530 2578 2614 Age
2634 2552 2808 2613 vero,

709 2655 992 2699 sonoram
1048 2634 1373 2715 citharam,
1403 2654 1544 2717 age,
1587 2633 1803 2697 tibiam
1864 2634 2166 2698 faciamus
2220 2653 2438 2697 sonare
2480 2632 2546 2696 in
2591 2633 2804 2719 ipsum

711 2737 1086 2823 equestrium
1106 2736 1347 2822 apicem
1370 2736 1809 2815 certaminum,
1826 2757 1970 2821 quae
2005 2735 2251 2800 Phoebo
2271 2734 2541 2801 institnit
2570 2738 2805 2805 Adras-

709 2850 810 2905 tus
840 2839 917 2904 ad
947 2839 1143 2926 Asopi
1168 2840 1420 2905 fluenta.
1510 2839 1797 2909 Quorum
1824 2860 1941 2922 ego
1973 2837 2288 2902 mentione
2307 2838 2469 2901 facta
2486 2844 2805 2907 exornabo

438 2946 603 2997 mod.
638 2948 688 2996 ³·
706 2942 940 3008 inclitis
969 2942 1218 3008 heroem
1244 2942 1580 3007 honoribus
1600 2967 1619 3005 ε
1662 2981 1753 2992 —
1782 2938 1914 3010 Qui
1943 2949 2099 3006 tunc
2123 2939 2371 3026 quidem
2392 2962 2660 3025 regnans
2683 2946 2808 3030 ibi,

567 3017 655 3063 ’δ’
708 3048 1004 3132 novisque
1021 3047 1192 3110 festis
1222 3047 1379 3110 etde
1408 3047 1624 3109 robore
1642 3045 1910 3108 virorum
1933 3043 2372 3108 certaminibus
2391 3043 2806 3133 curribusque

704 3150 914 3233 politis
969 3144 1572 3211 illustrem-reddidit
1601 3145 1895 3210 decorans
1941 3148 2182 3211 urbem.
2267 3143 2578 3230 Eugiebat
2623 3150 2799 3216 enim

706 3249 1284 3334 Amphiaraumque
1312 3246 1928 3329 audacem-consilio,
1947 3256 2010 3312 et
2026 3269 2278 3333 gravem
2295 3248 2660 3314 seditionem
2684 3275 2803 3338 pa·

703 3361 898 3416 ternae
916 3349 1138 3415 domus
1155 3351 1499 3436 Argosque.
1558 3345 1873 3437 Principes
1891 3373 2033 3418 vero
2051 3374 2176 3419 non
2201 3352 2467 3439 amplius
2483 3364 2658 3419 erant
2673 3355 2807 3423 Ta-

707 3454 786 3517 lai
799 3453 935 3533 filii,
954 3452 1225 3539 oppressi
1244 3453 1564 3518 seditione.
1612 3453 1952 3520 Enimvero
1981 3457 2370 3541 praestantior
2403 3459 2669 3541 (mente)
2702 3482 2805 3525 se-

444 3577 604 3629 Duod.
636 3578 686 3622 4.
706 3557 816 3620 dat
843 3555 1017 3619 litem
1066 3554 1328 3640 priorem
1367 3557 1459 3622 vir
1475 3581 1502 3636 ς
1557 3557 2416 3645 —mariti-domitricemque
2432 3558 2803 3647 Eriphylen,

570 3644 654 3691 Ψ·
711 3680 824 3722 ceu
845 3656 1288 3744 fideleDfoederis
1305 3658 1554 3744 pignus,
1572 3659 1788 3724 dantes
1808 3659 2808 3749 Oiclidae(Amphiarao)uxorem,

711 3762 1177 3827 flavicomorum
1221 3763 1587 3827 Danaorum
1631 3764 1779 3828 facti
1808 3772 1957 3829 sunt
1986 3764 2265 3829 maximi.
2352 3764 2441 3829 Et
2480 3769 2804 3854 quondam

711 3865 1075 3952 septiportes
1096 3863 1345 3930 Thebas
1371 3865 1760 3931 deduxerunt
1774 3867 2044 3931 virorum
2063 3852 2423 3949 exercitum,
2443 3891 2568 3933 non
2589 3861 2810 3938 faustis

716 3969 1045 4056 auspiciis3
1092 3991 1295 4054 neque
1324 3969 1675 4048 SaturniuS‚
1707 3970 1976 4035 fulmine
1993 3971 2254 4052 vibrato,
2274 3994 2309 4035 e
2332 3972 2521 4036 domo
2538 3974 2810 4041 furioso·

718 4071 1338 4159 impetu-concitatos
1373 4073 1530 4155 (eos)
1565 4071 1867 4157 proficisci
1886 4070 2099 4159 jussit,
2129 4073 2238 4139 sed
2266 4076 2571 4142 abstinere
2593 4098 2633 4141 a
2662 4101 2806 4164 pm·

468 4175 1011 4254 u„0.1,5‚fectione.
1048 4210 1141 4224 —
1181 4172 1586 4268 Manifestam
1631 4195 1774 4240 vero
1803 4177 2019 4261 utique
2047 4176 2126 4241 ad
2156 4176 2395 4242 cladem
2438 4184 2810 4265 properabat

572 4274 654 4318 4⁹·
717 4279 1021 4347 exercitus
1051 4274 1281 4359 venire,
1302 4275 1476 4344 aereis
1503 4300 1653 4356 cum
1677 4276 1861 4344 armis
1883 4279 2277 4368 equestrique
2295 4291 2616 4367 apparatu.
2707 4284 2806 4350 ls-
