2925 5150
876 1015 1567 1134 NEMEA.

1019 1574 1288 1726 neu.
1343 1572 1435 1724 ι]

538 1852 1250 1940 CHROMIO
1313 1844 1912 1939 AETNAEo,

1034 2091 1397 2152 CURRU.

178 2314 689 2397 Rnsmasmu
719 2304 1244 2413 sacrum'Alpbe‘i,
1271 2324 1627 2390 inclitarum
1648 2320 2090 2408 Syracusarum
2118 2341 2256 2404 ger·
2282 2334 2377 2385 stt.
2410 2340 2461 2384 ι.

179 2467 321 2512 men
353 2439 672 2522 (colonia),
703 2461 743 2504 o
772 2439 1054 2528 Ortygia,
1084 2439 1285 2503 cubile
1334 2436 1560 2519 (sedes)
1593 2434 1844 2515 Dianas,
1874 2432 2025 2498 Deli
2049 2431 2252 2497 soror!

182 2556 312 2626 apte
337 2543 725 2628 suaviloquus
756 2542 1026 2627 hymnus
1054 2541 1289 2607 orditur
1313 2540 1514 2606 dicere
1542 2539 1752 2605 laudes
1770 2534 2256 2623 procellipedum
2395 2607 2401 2616 ,

189 2666 449 2730 magnas
477 2666 797 2730 equorum,
826 2644 1002 2711 Jovis
1032 2645 1273 2711 AEtnaei
1291 2644 1685 2709 beneficium.
1774 2641 2091 2727 Quadriga
2116 2660 2261 2705 vero

185 2746 415 2813 Incitat
459 2739 731 2809 Chi-ouili
759 2748 1148 2833 Nemeaquc‚
1181 2747 1559 2814 facinoribus
1605 2743 2020 2809 victorialibus
2048 2743 2263 2806 lauda-

184 2850 417 2915 torium
437 2845 804 2930 componere
828 2872 1100 2913 carmen.
1134 2886 1225 2897 -—
1252 2845 1445 2911 Initia
1463 2859 1674 2910 autem
1690 2845 1859 2928 jacta
1887 2853 2037 2907 sunt
2065 2865 2104 2905 a
2132 2843 2272 2918 diis,
2297 2840 2414 2890 Ant.
2441 2844 2492 2891 ¹·

185 2952 467 3035 illiusque
513 2949 626 3011 viri
675 2947 900 3013 divinis
948 2949 1305 3016 virtutibus.
1378 2946 1513 3044 ,Est
1559 2946 1856 3014 nimirum
1899 2944 1965 3007 in
2018 2942 2276 3010 victoria

186 3054 390 3121 omnis
427 3052 646 3136 gloriae
693 3051 1037 3135 fastigium,
1084 3071 1580 3137 magnorumque
1627 3048 2036 3113 certaminum
2077 3047 2276 3140 ¹Musa

190 3153 546 3221 meminisse
592 3162 784 3216 amat.
872 3150 1104 3218 Excita
1151 3174 1323 3219 nunc
1370 3152 1560 3218 decus
1606 3153 1858 3240 aliquod
1910 3152 2268 3237 (hymnum)

192 3257 430 3336 insulae,
461 3274 655 3340 quam
686 3253 947 3344 Olympi
962 3276 1072 3319 rex
1087 3255 1341 3341 Jupiter
1366 3254 1535 3320 dedit
1568 3254 1948 3342 Proserpinae
1964 3280 1987 3337 3
2019 3255 2270 3324 annuit-

192 3379 315 3444 que
340 3358 396 3422 ei
417 3355 691 3438 caesarie,
723 3365 799 3420 ut
827 3396 915 3407 --
945 3359 1078 3445 ipsa
1120 3358 1402 3424 Siciliam
1431 3357 1684 3424 divitem
1715 3361 2085 3443 gubernaret
2112 3358 2270 3424 emi·
2298 3356 2393 3421 ΕΡ·
2429 3362 2513 3410 21·

198 3470 445 3525 nentem
490 3459 711 3524 fertilis
758 3462 873 3525 soli
917 3462 1230 3548 opulentis
1275 3462 1589 3528 civitatem
1633 3463 1913 3549 fastigiis.
2001 3465 2275 3531 Praebuit
2503 3448 2508 3454 ’

193 3584 438 3649 quoque
455 3562 785 3634 Saturnius
809 3565 866 3628 ei
883 3566 1031 3631 belli
1051 3574 1363 3632 amantem
1383 3567 1560 3632 ferrei
1584 3570 1883 3655 populum
1904 3561 2272 3655 equestrem,

192 3669 539 3749 frequenter
562 3667 751 3733 etiam
773 3668 1246 3756 Olympicarum
1276 3670 1437 3734 foliis
1453 3671 1734 3736 olearum
1752 3672 1948 3737 aureis
1964 3681 2275 3740 ornatum.

192 3768 409 3850 Mnlta
431 3769 611 3854 attigi
640 3792 721 3834 ex
750 3771 885 3857 ipsa
925 3793 1011 3853 re,
1043 3794 1172 3837 uon
1213 3795 1534 3859 perperam
1569 3773 1904 3860 jaculatus.
1947 3814 2037 3825 -
2077 3777 2278 3841 Adsto
2301 3779 2398 3830 scr.
2426 3785 2479 3830 2·

196 3882 410 3936 autem
460 3871 539 3937 ad
584 3873 818 3938 aulicas
863 3875 1023 3939 fores
1075 3874 1189 3938 viri
1234 3875 1554 3962 hospitalis
1595 3880 1889 3963 praeclara
1931 3878 2278 3963 (victoriam
2335 3848 2415 3893 ²9'

188 3972 357 4060 ejus)
410 3997 681 4041 canens:
744 3977 854 4042 ubi
898 3976 1054 4043 mibi
1100 3982 1422 4065 (tanquam
1480 3978 1615 4066 ejus
1668 3982 1922 4067 hospiti)
1977 3979 2278 4066 placitum

194 4077 849 4161 epulum'adomatum
894 4089 1028 4161 est3
1076 4084 1287 4147 crebro
1311 4084 1480 4149 enim
1512 4085 1976 4172 peregrinorum
2012 4103 2138 4146 non
2167 4101 2277 4144 ex-

198 4187 398 4262 pertes
439 4183 606 4249 aedes
652 4181 790 4268 ejus
833 4193 1002 4249 sunt.
1094 4185 1306 4251 Habet
1352 4210 1496 4252 vero
1541 4188 1630 4252 vir
1661 4189 1860 4251 bonus
1892 4186 2034 4261 hoc,
2063 4188 2138 4244 ut
2165 4179 2276 4240 ob-

198 4286 601 4354 trectantibus
632 4307 864 4374 aquam
896 4289 1075 4357 fumo
1096 4288 1430 4367 (incendio)
1451 4294 1607 4359 ferat
1635 4281 2023 4356 contrariam.
2099 4284 2278 4347 Artes

1038 4607 1053 4644 i
