2925 5150
919 485 1566 597 cunnum.
1731 430 1738 449 ¹
2175 485 2264 558 sz
2332 424 2340 443 ’

182 667 601 735 ficosi-nautis
620 691 641 731 ε
692 662 948 743 Audite,
980 660 1089 726 flul
1116 662 1389 727 fortium.
1410 656 1669 723 'virorum
1687 657 2128 743 deorumquez.
2158 651 2270 718 aio-

178 772 383 852 enim,
403 782 487 836 επὶ
512 770 636 833 hac
667 767 981 848 marivaga
1021 763 1371 851 aliquando-
1393 771 1552 829 oerra
1574 759 1831 846 Epaphi-
1859 760 2048 827 filiam
2075 761 2270 845 piam:

177 881 458 936 nturam
491 884 631 934 esse
656 866 901 932 urbium
919 867 1168 951 stirpem
1197 865 1554 930 mortalibus
1580 860 2086 941 caram,Jovis1n
2096 865 2254 929 Am-

175 973 404 1040 monis
440 972 852 1037 sedibus-—
889 968 1354 1054 Delphinesqne
1397 967 1658 1031 breviter
1682 967 1875 1030 alatos
1917 964 2274 1050 (pinnatos)
2265 983 2374 1049 139.
2395 984 2478 1034 29.

171 1077 373 1163 eqffls
412 1081 836 1161 permutantes
880 1072 1212 1151 velocibus,
1260 1072 1531 1136 habenas
1575 1090 1702 1154 pro
1730 1067 1916 1132 remis
1950 1080 2033 1130 et
2058 1084 2278 1130 currus·
2373 1126 2391 1135 ,

174 1180 627 1265 gubernabunt
639 1173 1115 1260 procellipedoeae
1176 1174 1352 1240 Illud
1372 1173 1702 1258 angurium
1736 1168 1981 1235 eveniet
1999 1166 2274 1248 (exitum

178 1279 500 1358 habebit),
531 1287 609 1342 ut
634 1292 999 1359 magnarum
1042 1277 1293 1342 urbium
1327 1275 1685 1361 metropolis
1710 1272 1920 1341 Thera
1945 1272 2077 1351 fiat,
2109 1269 2275 1357 quod

187 1384 351 1450 olim'
368 1380 719 1445 Tritonidis
741 1379 821 1443 ad
840 1381 999 1443 ostia
1023 1379 1260 1465 paludis
1289 1401 1328 1444 a
1353 1380 1472 1445 deo
1499 1377 1737 1443 homini
1758 1370 2124 1441 assimulato*
2158 1382 2284 1438 ter⁴

188 1507 323 1552 ram
348 1484 545 1549 dante
566 1502 682 1568 pro
702 1480 909 1546 xeniis
931 1502 968 1545 e
990 1502 1168 1566 prora
1189 1480 1558 1567 Euphemus
1587 1478 1966 1545 descendens
1987 1475 2278 1561 accepit.

192 1589 465 1653 faustum
495 1594 706 1650 autem
736 1580 796 1646 ei
824 1576 1155 1646 Saturnius
1194 1581 1444 1668 Jupiter
1488 1591 1664 1668 pater
1689 1580 2148 1667 superintonuit
2177 1588 2278 1643 to-

200 1690 407 1768 nitru3
433 1724 525 1739 --
550 1685 799 1772 quando
836 1702 1124 1749 ancoram
1146 1685 1873 1764 oereum-os-habentem,
1903 1687 2127 1753 velocis
2156 1685 2280 1748 Ar·
2304 1685 2414 1798 ⁸:³27
2422 1684 2475 1731 Ξ·

205 1813 333 1876 gua
384 1792 668 1869 fraenum,
694 1810 733 1853 e
788 1789 931 1853 navi
985 1788 1501 1874 suspendentibus
1551 1787 1820 1853 occurrit
1878 1789 2063 1872 (deus
2122 1790 2282 1869 me)-

208 1891 572 1957 Duodecim
601 1891 890 1955 nmirum
935 1898 1117 1956 antea
1144 1890 1273 1955 dies
1303 1912 1382 1955 ex
1410 1892 1688 1955 Oceano·
1712 1892 2059 1957 ferebamus
2102 1912 2284 1976 super

212 2003 391 2079 terga
417 2003 593 2060 terrae
623 1995 855 2060 deserta
882 1994 1187 2059 marinam
1214 1995 1450 2059 trabem
1480 1994 1751 2060 consiliis
1776 1997 2060 2060 eductam
2106 1993 2280 2060 meis.

210 2094 612 2181 Tunc-igitur
656 2096 962 2181 solivagus
990 2095 1140 2160 deus
1181 2095 1434 2160 accessit
1461 2096 1781 2181 splendida
1824 2099 1935 2162 viri
1964 2092 2286 2163 venerandi

218 2200 372 2264 facie
415 2209 689 2264 assumta
705 2223 741 2264 :-
771 2198 1113 2284 amicisque
1160 2199 1358 2263 verbis
1399 2219 1575 2265 orsus
1603 2209 1720 2279 est,
1747 2200 2089 2286 hospitibus
2117 2201 2289 2264 velut

217 2300 674 2367 advenientibus
698 2298 964 2366 benefici
993 2300 1271 2387 hospites
1301 2321 1553 2366 coenam
1585 2301 1965 2366 denunciant
1993 2303 2289 2387 primum.

219 2440 308 2457 —-
354 2402 717 2489 [Enimvero
755 2403 991 2468 reditus
1031 2424 1214 2469 causa
1252 2402 1464 2469 dulces
1506 2405 1868 2489 prohibebat
1927 2409 2102 2486 (nos)
2154 2425 2290 2469 ma·
2317 2410 2429 2463 Ant·
2453 2416 2501 2461 2·

226 2513 419 2588 uere}
496 2506 683 2571 Dixit
711 2527 872 2588 vero,
893 2505 1272 2594 Eurypylum
1289 2508 1929 2574 terram-continentis
1944 2506 2143 2574 filium
2169 2510 2292 2574 im·-
2346 2480 2426 2527 ⁵⁶⁶

237 2609 495 2674 mortalis
514 2610 800 2695 Neptuni
817 2630 970 2675 esse.
1025 2609 1186 2675 Cum
1207 2621 1410 2675 autem
1438 2611 1668 2677 videret
1697 2615 1876 2694 (nos)
1891 2611 2251 2676 festinantes
2271 2633 2292 2674 ι

241 2710 445 2774 statim
467 2710 745 2796 arripiens
772 2711 988 2777 dextra
1011 2713 1259 2778 obvium
1281 2724 1456 2778 terra-2
1486 2712 1789 2797 hospitale
1808 2735 2034 2778 munus
2054 2714 2300 2779 studuit

245 2809 625 2897 (Euphemo)
652 2813 807 2878 dare.
893 2814 1120 2898 Neque
1135 2813 1439 2877 recusavit
1458 2814 1626 2876 illam
1646 2812 1824 2877 heros
1843 2836 1864 2892 3
1888 2816 1994 2878 sed
2013 2816 2079 2878 in
2094 2815 2304 2877 littora

238 2913 549 3000 prosiliens
578 2918 789 2981 manui
819 2914 955 3002 ejus
987 2935 1244 2980 manum
1276 2935 1426 2978 cum
1459 2922 1677 2977 contra
1701 2914 2092 2997 porrexisset,
2119 2933 2302 2977 acce-

236 3016 327 3104 pit
351 3019 590 3103 glebam
625 3019 922 3084 divinam.
1010 3017 1220 3085 Audio
1263 3026 1472 3082 autem
1519 3037 1658 3081 eam
1687 3019 2069 3082 submersam
2097 3039 2133 3081 e
2163 3014 2304 3081 navi

243 3122 465 3185 marina
512 3120 848 3186 diffluxisse
905 3142 1089 3208 aqua,
1124 3159 1216 3171 -
1259 3121 1377 3183 sub
1419 3139 1734 3205 vesperam
1782 3119 2042 3185 humido
2082 3123 2304 3207 pelago
2329 3137 2418 3201 Ερ.
2453 3143 2504 3188 2.

244 3222 526 3309 illapsam.
623 3224 857 3310 Utique
884 3225 1082 3312 ipsam
1121 3224 1551 3289 mandaveram
1581 3245 1749 3310 saepe
1777 3226 2300 3308 levantibus-(he·
2355 3209 2436 3302 ’,ω’

246 3329 644 3407 rum)-labore
699 3328 945 3392 famulis
1002 3325 1379 3391 servandam.
1468 3326 1557 3389 At
1613 3348 1824 3392 eorum
1882 3325 2093 3393 oblitae
2153 3338 2304 3394 sunt

254 3426 486 3496 mentes.
576 3431 791 3514 Atque
818 3429 1082 3495 nuncin
1113 3431 1305 3494 hacce
1334 3429 1537 3494 insula
1585 3431 1932 3497 immortale
1980 3435 2302 3517 profusum

256 3539 337 3593 eut
359 3530 571 3617 Libyoe
596 3532 890 3616 spatiosae
906 3553 1118 3597 semen
1149 3541 1292 3596 aute
1316 3541 1587 3618 tempus.
1674 3532 1745 3598 Si
1775 3533 1944 3598 enim
1966 3535 2137 3599 domi
2166 3557 2302 3600 eam

259 3635 544 3718 (glebam)
575 3632 943 3721 projecisset
971 3636 1037 3700 in
1068 3635 1291 3701 inferas
1332 3636 1487 3701 Orci
1516 3637 1746 3717 fauces,
1776 3636 1854 3701 ad
1898 3658 2128 3701 sacram
2157 3637 2306 3703 Tm-

257 3755 453 3803 mmm
499 3737 887 3822 Euphemus
934 3739 1041 3804 ubi
1085 3738 1479 3824 pervenisset,
1527 3738 1690 3805 filius
1718 3738 2310 3825 equitum-praesidis

254 3837 543 3925 Neptuni,
572 3860 712 3920 rex,
742 3861 926 3924 quem
970 3842 1119 3905 olim
1151 3840 1403 3928 Europa
1441 3841 1615 3927 Tityi
1643 3842 1769 3906 filia
1795 3840 2031 3927 peperit
2061 3842 2315 3926 Cephisi

254 3942 323 4005 td
344 3943 536 4031 ripas:
594 3981 696 3995 -
736 3953 955 4029 quarta
995 3944 1388 4029 generatione
1433 3945 1700 4011 filiorum
1745 3958 2181 4030 prognatorum
2213 3966 2314 4006 so-
2338 3947 2416 3997 8¹
2420 3946 2498 3992 ·³·

254 4043 409 4116 botes
433 4047 573 4134 ejus
603 4069 757 4113 cum
788 4046 1041 4113 Danais
1052 4051 1238 4113 latam
1282 4048 1453 4114 illam
1502 4050 1928 4114 continentem
1958 4046 2320 4128 accepisset.
2371 4013 2478 4058 ⁸³

256 4144 425 4215 stuc
466 4149 647 4216 enim
678 4171 717 4212 e
746 4170 978 4235 magna
1027 4150 1416 4236 egredientur
1454 4151 1912 4217 Lacedaemone
1967 4145 2325 4232 Argivoque

260 4247 385 4314 sinu
411 4263 476 4316 et
505 4252 828 4338 Mycenis.
917 4253 1110 4318 Nunc
1154 4274 1297 4319 vero
1338 4254 1790 4339 peregrinarum
1831 4247 2162 4313 mulierum
2195 4269 2329 4313 am-

176 4363 189 4380 “
262 4351 525 4433 plexibus
554 4353 1001 4441 (Euphemus)
1027 4358 1383 4442 praeclarum
1428 4355 1722 4440 suscipiet
1745 4369 1946 4435 genus
1976 4344 2334 4432 (Vh'ffl'umst
