2925 5150
598 482 609 515 -·
648 469 752 528 -82
1501 462 1920 594 Nl-EMEA.

465 646 560 699 ser.
587 655 636 701 4.
660 635 1316 705 vans.-·Alternantes
1341 640 1522 705 enim*
1541 661 1651 726 per
1671 640 1860 719 yioes,
1884 635 2052 704 diem
2080 658 2282 704 uuum
2303 635 2472 721 apud
2493 642 2748 721 ,putam

494 719 605 767 ²⁰³·
661 757 869 801 carum
921 738 1147 805 Jovem
1183 741 1460 827 -degunt,
1508 744 1766 806 alterum
1807 762 1965 806 'vero
2009 739 2421 806 sub'latebris
2450 747 2654 818 terrae,
2682 735 2749 804 in

659 840 1038 921 convallibus
1066 842 1438 930 Therapnae,
1466 854 1628 909 sorte
1655 853 1903 909 utentes
1923 843 2134 909 simili.
2219 836 2756 928 Siquidemhanca

661 965 857 1029 quam·
878 945 1134 1010 omnino
1176 947 1327 1012 deus
1375 968 1509 1012 esse
1559 946 1955 1033 habitamque
1997 946 2066 1011 iu
2116 947 2304 1025 coelo,
2333 942 2523 1026 elegit
2551 944 2748 1008 vitam

658 1046 982 1111 interfecto
1013 1046 1237 1117 Pollux
1261 1048 1515 1114 Castore
1546 1050 1611 1113 in
1640 1050 1826 1115 bello.
1915 1050 2115 1115 Hunc
2143 1048 2314 1113 enim
2332 1044 2473 1112 Idas
2500 1054 2751 1131 proptu·

659 1151 847 1215 boves
899 1151 1238 1217 admodum
1290 1153 1482 1218 iratus
1523 1152 1865 1218 vulneravit
1906 1173 2086 1218 aereae
2114 1151 2310 1217 hoetae
2339 1146 2618 1232 cuspide.
2651 1184 2751 1197 -—

443 1261 560 1312 Am.
584 1265 633 1311 4.
664 1252 1013 1339 (Namque)
1047 1260 1085 1317 a'
1110 1253 1394 1339 Taygeto
1417 1254 1850 1340 e-longinquo·
1863 1252 2252 1338 conspicatus
2280 1249 2433 1314 vidit
2458 1249 2750 1333 Lynceus

492 1334 604 1379 ¹¹4⁹
664 1354 827 1439 (ldae
856 1358 1046 1420 frater
1079 1374 1341 1442 quercus
1372 1357 1438 1421 in
1470 1366 1693 1422 trunco
1721 1351 2479 1439 sedentem·(Castorem).
2564 1351 2750 1420 Illius

661 1458 831 1522 enim
863 1458 1189 1522 hominum
1232 1461 1493 1524 omnino
1536 1459 1657 1524 suit
1697 1457 2089 1524 acutissimus
2131 1455 2322 1521 visus.
2408 1453 2749 1521 velocibus

659 1571 868 1626 autem
899 1562 1157 1647 pedibus
1185 1565 1395 1628 statim
1440 1572 1832 1629 accesserunt
1860 1572 1924 1626 et
1952 1570 2130 1627 atrox
2151 1560 2396 1625 facinus
2423 1568 2748 1645 patrarunt

662 1665 960 1745 celeriter,
989 1666 1151 1750 passi
1180 1688 1323 1730 vero
1351 1667 1540 1731 etiam
1585 1676 1735 1731 sunt
1781 1687 1966 1751 grave
2019 1665 2253 1728 malum
2289 1668 2498 1729 {manu
2540 1661 2745 1744 Jovis,

663 1766 1057 1852 Apharetidae
1105 1766 1271 1852 (idas
1298 1776 1362 1830 et
1390 1768 1735 1851 Lynceus).
1819 1767 1997 1832 luico
2040 1765 2210 1830 enim
2254 1754 2501 1831 advenit
2551 1765 2748 1831 Ledo

660 1870 825 1935 filius
857 1869 1134 1948 (Pollux)
1181 1869 1548 1953 insequens:
1616 1869 1719 1934 Illi
1746 1890 1890 1933 vero
1918 1876 2132 1932 contra
2180 1875 2503 1946 steterunt,
2532 1869 2746 1952 sepul-

362 1956 371 1969 ⁸
460 1991 555 2053 Ερ.
579 1998 612 2042 4
658 1995 831 2038 crum
861 1993 1055 2058 prope
1083 1981 1449 2058 paternum3
1494 2011 1585 2022 —
1624 1973 1792 2037 unde
1820 1978 2164 2055 correptam
2207 1979 2474 2035 statuam
2497 1970 2749 2037 -Pluto-

496 2064 604 2109 ¹²⁶·
660 2077 779 2158 nis,
809 2076 1076 2162 politum
1107 2097 1352 2153 saxum,
1381 2074 1768 2160 projecerunt
1796 2074 1862 2138 in
1893 2081 2111 2159 pectus
2142 2071 2416 2138 Pollucis
2432 2096 2454 2153 ς
2501 2084 2744 2139 nee-ta-

659 2200 803 2243 men
835 2200 979 2243 eum
1026 2177 1388 2242 attriverunt
1420 2199 1618 2263 neque
1660 2184 2117 2262 represseruntz
2163 2174 2272 2240 sed
2299 2174 2533 2241 irruens
2579 2177 2742 2261 (ille)

644 2282 861 2367 jaculo
890 2279 1088 2345 veloci
1133 2280 1340 2365 adegit
1370 2279 1606 2365 Lyncei
1651 2280 1719 2345 iu
1766 2268 1959 2344 latera
2002 2300 2113 2344 aes.
2199 2277 2454 2364 Jupiter
2492 2280 2744 2347 veroin

547 2390 551 2401 ’
658 2384 837 2449 Idam
898 2382 1231 2466 igniferum
1296 2382 1594 2446 contorsit
1650 2382 2056 2466 fuliginosum
2115 2382 2378 2446 fulmen.
2465 2381 2746 2466 Uterque

659 2506 805 2548 vero
836 2483 1152 2567 (Lynceus
1181 2493 1246 2547 et
1273 2481 1440 2555 Idas)
1475 2484 1662 2548 simul
1689 2483 2001 2547 combusti
2027 2493 2197 2564 sunt,
2222 2482 2450 2549 auxilio
2475 2482 2745 2548 destitu-

492 2643 501 2661 ‚
660 2588 735 2652 ti.
821 2586 1090 2651 Exitiale
1140 2585 1311 2649 enim
1364 2594 1459 2650 est
1481 2586 1887 2668 ‚hominibus,
1931 2585 2396 2652 contentionem
2440 2586 2755 2673 suscipere
2799 2593 2813 2619 ⁸

461 2708 554 2758 Str.
581 2712 632 2758 5.
664 2710 809 2753 cum
840 2687 1440 2773 potentioribus.·—-
1482 2688 1707 2753 Statim
1739 2710 1881 2753 vero
1910 2689 1988 2753 ad
2030 2688 2229 2754 fratris
2256 2691 2441 2754 robur
2472 2692 2749 2773 (fratrem

500 2780 614 2825 ¹³⁷·
650 2789 911 2874 ·fortem,
936 2790 1279 2875 Castorem,
1295 2795 1515 2858 lancea
1530 2795 1914 2878 percussum)
1940 2791 2119 2856 rediit
2139 2791 2519 2876 Tyndarides
2546 2795 2751 2878 (alter,

411 2883 419 2900 ⁵
650 2896 925 2974 Pollux)
953 2904 1017 2960 et
1037 2897 1199 2961 eum'
1217 2897 1499 2963 nondum
1530 2906 1868 2971 mortuum,
1901 2895 2006 2974 sed
2035 2893 2307 2959 anhelitu
2335 2892 2751 2961 interclusum

448 3025 455 3034 ·
554 3021 563 3026 ·
662 2999 991 3074 habentem
1022 2998 1304 3082 spiritum
1338 2998 1594 3063 invenit.
1683 2996 1928 3064 Calidas
1956 3006 2164 3062 autem
2183 2995 2444 3059 fundens
2460 2995 2756 3064 lacrimas

662 3102 826 3166 inter
870 3099 1130 3183 suspiria
1156 3101 1355 3164 altum
1387 3100 1712 3163 clamavit=
1759 3098 1942 3165 Pater
1968 3099 2274 3174 Satan-uie,
2305 3101 2441 3184 quis
2485 3100 2752 3167 tandem

650 3203 809 3265 -finis
838 3203 962 3265 erit
981 3203 1311 3270 luctuum?
1358 3202 1731 3266 etiam‘mihi
1762 3191 2199 3267 mortem'cum
2227 3194 2420 3267 ho'ece
2447 3201 2754 3285 immitte,

644 3321 708 3368 ἑο
728 3303 917 3368 deus!
969 3293 1135 3368 Perit
1162 3304 1378 3390 honor,
1408 3303 1623 3369 amicis
1651 3307 1886 3385 orbato,
1909 3305 2075 3384 vino3
2106 3305 2410 3390 paucique
2425 3305 2492 3369 iu
2510 3328 2750 3371 aerum-

424 3433 431 3438 *
454 3442 571 3491 Aut.
596 3429 755 3492 &na
780 3408 867 3471 ita
894 3406 1003 3471 fidi
1035 3407 1407 3488 mortalium,
1436 3445 1529 3458 ——-
1556 3417 1628 3472 ut
1654 3409 1722 3474 in
1755 3407 2122 3473 calamitatis
2150 3410 2504 3472 societatem
2535 3408 2750 3473 venire

503 3499 617 3558 ¹⁴⁶·
652 3532 797 3575 ¹non
828 3520 1132 3576 recusent.
1221 3511 1329 3596 Sic
1357 3511 1541 3577 dixit.
1626 3511 1876 3597 Jupiter
1896 3532 2040 3575 vero
2060 3512 2327 3578 occurrit
2353 3512 2434 3592 ei,
2461 3511 2532 3574 et'
2551 3511 2757 3577 hocce

667 3614 885 3678 effatus
916 3623 1009 3678 est
1036 3615 1353 3680 oraculum
1379 3639 1396 3679 ε
1443 3613 1550 3680 Tu
1578 3637 1644 3679 es
1676 3635 1850 3678 meus
1874 3612 2079 3678 filius:
2114 3613 2287 3678 hunc
2313 3634 2457 3677 vero
2487 3610 2750 3693 (Casto-,-

646 3719 827 3797 ⁴uem)
857 3724 1071 3801 postea
1101 3716 1354 3781 maritus
1385 3713 1829 3799 (Tyndareus),
1862 3721 2074 3781 semen
2119 3715 2397 3793 mortale,
2429 3735 2751 3778 cum-ma-

662 3828 755 3885 tre
784 3827 890 3883 tua
915 3840 1279 3904 congressus
1321 3820 1385 3896 ¹¹¹,
1422 3816 1675 3881 stillavit
1710 3819 1980 3902 (genuit)
2016 3818 2213 3883 heros.
2302 3816 2430 3880 Sed
2454 3837 2594 3900 age,
2620 3817 2750 3880 ho-

566 3938 577 3956 ’
663 3944 805 3987 rum
857 3921 966 3985 tibi
1002 3909 1251 3985 'tamen
1287 3918 1605 4004 optionem
1664 3921 1873 3986 tradoz
1935 3920 2003 3984 Si
2047 3921 2299 4006 quidem
2355 3928 2754 4004 mortemque

665 4024 965 4110 effugiens
994 4032 1058 4087 et
1083 4031 1469 4086 senectutem
1513 4021 1813 4100 odiosam,
1843 4022 1977 4108 ipse
2020 4023 2299 4107 Olympo
2345 4022 2444 4085 vis‘
2468 4021 2756 4088 hahitare

640 4145 919 4196 ·mecum
964 4145 1238 4208 cumque
1271 4122 1560 4188 Minerva
1604 4135 1667 4190 et
1696 4123 2455 4209 atram-gerente-hastam
2490 4122 2710 4192 Matta
2728 4150 2756 4212 3

729 4275 760 4302 ⁴¹
791 4277 1002 4340 Jungnm
1025 4274 1245 4337 equidem
1265 4296 1276 4325 ε
1301 4273 1480 4344 erim
1499 4253 1908 4337 rsaiesfflsemeu
1934 4279 2132 4329 mortale
2154 4279 2248 4327 tdae
2266 4274 2402 4325 matri
2423 4271 2656 4348 afferens.
2686 4279 2764 4348 Pft

680 4351 765 4416 hac
789 4358 889 4422 ipsa
926 4358 1031 4406 Odn
1057 4373 1101 4406 v.
1132 4359 1211 4406 30.
1244 4357 1309 4406 K.
1527 4353 1532 4358 ’
