2925 5150
710 454 794 528 70
1038 474 1043 479 ·
1515 448 1971 523 ,NEMEAs

702 624 819 688 etsi
847 625 1065 708 longos
1093 623 1252 689 mihi
1282 624 1426 690 inde
1454 626 1648 688 saltus
1687 624 1883 690 fodiat
1925 624 2166 708 aliquis,
2199 634 2406 690 tamen
2439 627 2639 692 habeo
2665 648 2783 711 ge·

702 749 900 791 nuum
932 727 1152 811 agilem
1186 728 1513 813 impetum.
1599 726 1814 792 Etiam
1845 736 2011 793 trans
2063 749 2227 793 mare
2270 731 2479 793 volant
2525 730 2779 814 aquilae.

702 827 1012 914 Propitius
1038 851 1180 894 vero
1207 830 1396 894 etiam
1430 829 1549 893 illis
1576 829 1803 901 cecinit
1842 829 1909 893 in
1962 828 2138 895 Pelio
2186 841 2400 895 monte
2446 827 2777 894 Musarum

698 931 1100 1015 pulcerrimus
1129 933 1372 1013 chorus,
1397 933 1678 1017 interque
1710 932 1939 997 medias
1969 932 2262 998 citharam
2296 935 2523 1019 qullo
2577 932 2775 1016 septi·

697 1051 911 1095 sonam
932 1055 1117 1099 aureo
1139 1036 1374 1120 plectro
1395 1035 1643 1120 pulsans
1664 1034 2041 1119 praecinebat
2057 1036 2258 1100 omnis
2274 1035 2513 1120 generis
2533 1034 2773 1098 modos.

488 1171 672 1226 mm,-
698 1171 784 1184 --
815 1136 953 1200 Illae
983 1158 1126 1201 vero
1168 1136 1441 1222 primum
1482 1137 1734 1221 quidem
1789 1136 2168 1218 cecinerunt,
2215 1158 2254 1201 a
2302 1137 2462 1201 Jove
2510 1158 2771 1215 exorsae,

549 1243 631 1289 ⁴¹⁵·
696 1238 1105 1302 venerandam
1128 1238 1361 1304 Thetin
1397 1238 1812 1324 Peleumque3
1855 1239 2286 1323 quomodoque
2328 1238 2534 1323 ipsum
2558 1248 2773 1302 tenera

699 1340 977 1409 Cretheis
1004 1341 1347 1427 Hippolyta
1390 1342 1538 1407 dolo
1579 1342 1808 1407 irretire
1853 1341 2130 1421 voluerit,
2189 1363 2342 1406 uxor
2387 1341 2771 1425 Magnetum

695 1466 907 1529 regem
936 1467 1081 1510 cum
1110 1447 1533 1531 persuadendo
1561 1448 1904 1513 induxisset
1935 1447 2225 1515 maritum
2245 1446 2424 1513 variis
2440 1466 2770 1509 commen-

695 1551 819 1613 tis:
895 1550 1258 1615 mendacem
1312 1550 1604 1615 nimirum
1660 1551 1882 1615 fictum
1941 1547 2334 1615 concinnavit
2390 1568 2768 1625 sermonem,

447 1656 550 1721 Epo
524 1656 599 1705 σὼ
622 1661 669 1709 2
694 1651 865 1735 quasi
917 1651 1168 1735 quidem
1202 1651 1559 1738 conjugales
1613 1662 1911 1725 tentasset
1963 1652 2067 1723 ille
2127 1652 2190 1717 in
2250 1660 2384 1717 toro
2435 1651 2650 1714 Acasti
2678 1687 2770 1702 —

543 1726 637 1772 ⁵⁶
692 1776 955 1819 amoreS.
1000 1756 1124 1819 Sed
1155 1755 1530 1821 contrarium
1555 1764 1703 1820 erat.
1748 1754 1935 1840 Saepe
1958 1753 2126 1818 enim
2168 1755 2345 1818 illum
2371 1760 2505 1816 toto
2550 1754 2766 1818 animo

690 1856 1176 1942 inique-hortata
1196 1867 1503 1938 oraverat3
1552 1857 1735 1944 hujus
1761 1879 1904 1925 vero
1934 1858 2085 1927 iram
2118 1855 2516 1921 concitabant
2536 1855 2766 1920 nefaria

640 2024 649 2031 ,
688 1962 892 2039 verba,
922 1968 1207 2046 rectaque
1236 1961 1536 2024 recusavit
1577 1961 1899 2037 feminam,
1943 1958 2259 2043 hospitalis
2308 1956 2494 2043 patris
2531 1957 2758 2042 (Jovis)

688 2065 837 2128 iram
870 2063 1117 2127 veritus.
1160 2063 1336 2127 Bene
1364 2085 1508 2128 vero
1560 2064 1900 2128 observavit
1955 2061 2294 2145 annuitque
2321 2059 2436 2144 ipsi
2471 2059 2761 2125 nimbifer

686 2189 766 2233 ex
794 2170 959 2235 coelo
981 2166 1248 2252 Jupiter,
1279 2167 1725 2237 immortalium
1758 2188 1888 2246 rex,
1914 2173 1985 2229 ut
2013 2163 2340 2227 confestim
2371 2163 2756 2231 marinarum

684 2273 918 2337 colum-
898 2294 1200 2337 --auream
1172 2272 1580 2358 -gestantium
1613 2270 1883 2356 aliquam
1900 2266 2240 2335 Nereidum
2265 2265 2322 2333 ei
2347 2275 2584 2350 pararet
2607 2288 2763 2337 con-

470 2375 566 2424 ⁸¹·
545 2378 653 2488 67&
640 2372 969 2460 ·jugem-—
903 2373 1151 2441 -affini
1187 2376 1445 2460 (futuro)
1483 2375 1784 2458 Neptuno
1843 2368 2253 2457 persuadens·
2234 2415 2253 2451 ,
2302 2368 2413 2457 qui
2444 2370 2522 2439 ab
2571 2367 2759 2453 AEgis

611 2474 756 2541 ad
786 2477 1068 2543 inclitam
1097 2498 1265 2562 saepe
1295 2475 1709 2562 proficiscitur
1738 2474 2049 2543 Isthmum
2083 2471 2428 2544 Doricam·
2473 2469 2574 2537 ubi
2602 2490 2760 2537 eum

676 2572 897 2646 hnares
933 2577 1283 2664 (juvenum)
1316 2590 1540 2645 turmae
1564 2578 1728 2644 inter
1753 2577 1978 2647 fistulae
2006 2583 2258 2644 cantum
2301 2573 2486 2644 deum
2509 2572 2759 2659 excipi·

674 2687 814 2758 unt,
839 2689 910 2743 et
938 2683 1153 2746 robore
1186 2683 1609 2753 membrorum
1646 2688 1885 2752 certant
1915 2675 2156 2744 audaci.
2217 2675 2496 2744 Fortuna
2540 2685 2756 2748 autem

665 2781 909 2868 judicat
937 2783 1373 2868 congenitwde
1400 2783 1582 2852 factis
1614 2782 1928 2852 omnihus.
2015 2779 2118 2850 Tu
2148 2778 2377 2866 itaque,
2409 2800 2449 2846 ο
2506 2777 2764 2870 Euthy-

674 2908 911 2968 menes‚
940 2886 1075 2952 deae
1105 2886 1448 2956 Victoriae
1430 2909 1495 2954 m
1527 2887 1668 2956 sinu
1697 2883 2061 2965 recubans,
2043 2907 2110 2950 ιιι
2159 2882 2410 2970 AEginae
2447 2881 2759 2952 honorem

354 3041 359 3048 ⁴
482 2986 558 3035 Μ’
531 2991 652 3103 ¹²2}-
675 2991 870 3060 varios
917 3001 1342 3076 consequutus
1372 3011 1438 3058 es
1469 2992 1733 3075 hymnos
1780 2988 2141 3074 (victorias).
2171 3023 2257 3046 -ι-
2281 2983 2474 3069 Atqui
2519 2986 2758 3052 subse-

535 3059 563 3100 ⁷
676 3115 873 3176 quens
897 3102 962 3156 te
990 3093 1178 3158 etiam
1209 3115 1377 3160 nunc
1424 3103 1572 3160 tuus
1597 3115 1704 3157 ex·
1708 3113 1946 3158 sorore·
1950 3112 2141 3175 nepos
2194 3090 2435 3156 decorat
2479 3106 2762 3158 consau-

670 3195 964 3276 guineam
986 3205 1240 3276 gentem
1261 3192 1552 3277 Pytheas.
1596 3194 1842 3260 Nemea
1871 3189 2121 3282 quidem
2146 3198 2498 3278 opportuna
2516 3190 2674 3258 fuit
2653 3214 2759 3279 lp·-

675 3291 727 3354 si
763 3293 1098 3377 (auspicata
1126 3294 1204 3362 ad
1250 3294 1625 3376 victoriam),
1656 3293 2005 3380 mensisque
2056 3293 2309 3378 patrius,
2339 3313 2524 3377 quern
2578 3304 2760 3360 amat

674 3394 934 3479 Ap01103
981 3397 1250 3481 aequales
1278 3418 1422 3462 vero
1444 3394 1847 3464 adventantes
1877 3394 2168 3478 domique
2213 3396 2523 3486 superavit
2569 3394 2758 3464 Nisi-

600 3501 603 3504 “
672 3517 793 3581 que
820 3497 899 3564 ad
929 3498 1520 3570 convalle-cinctum
1554 3500 1896 3568 tumulum.
1979 3496 2245 3566 Gaudeo
2290 3505 2522 3577 autem,
2577 3499 2760 3582 quod

672 3601 976 3684 praeclaris
1002 3603 1183 3669 factis
1230 3612 1548 3674 concertat
1578 3613 1713 3670 tota
1742 3600 1977 3672 civitas.
2045 3598 2259 3666 Scito·
2304 3597 2483 3668 dulce
2530 3598 2760 3692 utique

472 3703 561 3767 ιΞΡ·
568 3708 645 3819 93
675 3704 954 3778 laborum
1000 3708 1333 3793 praemium
1384 3705 1719 3778 Menandri
1769 3726 1876 3792 per
1923 3705 2230 3770 fortunam
2265 3738 2353 3754 --
2397 3704 2758 3788 reportasti,

568 3772 944 3892 9'Oportet
971 3821 1179 3882 autem
1209 3814 1286 3877 ab
1309 3810 1577 3880 Athenis
1604 3809 1904 3878 artificem
1934 3804 2180 3874 athletis
2209 3804 2442 3876 adesse
2499 3802 2574 3870 Si
2605 3824 2761 3893 vero

671 3909 749 3975 ad
793 3910 1208 3988 Themistium
1257 3912 1636 3982 laudandum
1665 3912 1929 3996 accedis,
1981 3931 2061 3978 ne
2099 3908 2514 3976 exhorrescas.
2605 3906 2759 3984 Ede

670 4033 911 4095 vocem,
942 4018 1193 4102 velaque
1221 4016 1485 4086 extende
1506 4014 1629 4080 ad
1603 4037 1829 4101 jugum
1859 4034 2054 4099 usque
2100 4009 2295 4090 malm
2341 4009 2762 4100 pugilemque

668 4137 813 4183 eum
845 4128 907 4183 et
936 4120 1239 4205 pancratii
1283 4119 1476 4186 dicito
1504 4120 1800 4207 adeptum
1852 4140 1986 4184 esse
2027 4118 2095 4181 in
2150 4114 2464 4200 Epidauro
2507 4113 2762 4201 duplex

664 4221 967 4288 vincendo
993 4223 1202 4304 decus,
1221 4231 1284 4287 et
1313 4222 1390 4287 ad
1418 4225 1790 4290 vestibulum
1811 4222 1992 4286 AEaci
2028 4223 2204 4286 flores
2234 4216 2506 4283 virente·
2521 4217 2759 4284 tulisse

665 4348 940 4409 coronas,
964 4328 1266 4393 beneficio
1296 4324 1590 4393 flavarum
1621 4325 1974 4390 Charitum.
