2925 5150
851 432 1453 509 CARMEN11.
2137 440 2221 498 6⁸

140 601 340 684 etiam,
370 602 622 689 quando
648 603 745 669 dii
763 602 832 668 in
862 624 1091 691 campo
1120 605 1404 690 Phlegrae
1434 622 1579 670 cum
1605 604 1977 690 Gigantibus
2006 625 2223 690 pugna

40 698 41 759 ἶ
142 709 426 772 certaturi
459 716 697 785 essent,
729 707 995 771 telorum
1046 698 1279 772 ictibus
1326 708 1511 788 illius,
1537 708 1927 792 conspicuam
1971 709 2218 790 pulvere

145 809 567 875 commixtum
598 810 673 873 iri
703 830 945 874 comam
980 811 1249 893 (eorum)
1280 850 1366 860 —-
1394 810 1577 890 dixit,
1596 810 1801 894 ipsum
1823 807 2047 871 veroin
2072 830 2223 892 pace
2253 828 2405 889 epod.
2429 831 2481 877 4.

140 932 235 997 per
262 933 461 978 omne
486 924 732 1000 tempus
762 913 1089 977 fruiturum
1122 921 1414 998 perpetua
1463 911 1926 998 tranquillitate,
1946 911 2224 975 laborum
2281 895 2388 943 ¹⁰⁵·

40 1092 41 1099 ἵ
146 1035 514 1099 magnorum
558 1015 892 1100 praemium
925 1024 1334 1079 consecutum
1366 1015 1670 1080 eximium
1702 1015 1901 1079 beatis
1932 1014 1994 1078 in
2024 1011 2228 1076 domi·

146 1118 280 1197 bus,
314 1128 567 1203 accepta
587 1120 844 1183 florente
889 1117 1073 1182 Hebe
1105 1139 1298 1182 uxore
1328 1130 1412 1200 et,
1436 1118 1670 1205 nuptiis
1692 1116 2037 1194 celebratis,
2070 1116 2234 1201 apud

40 1244 43 1465 L
152 1216 367 1284 Jovem
391 1218 760 1285 Saturnium
791 1227 1120 1304 augustam
1150 1218 1552 1304 probaturum
1575 1220 1862 1286 domum.

40 1550 43 1593 l

38 1645 41 1678 l

980 1654 1242 1731 NEM.
1295 1656 1385 1731 II.

190 1852 199 1859 ·
301 1836 1064 1925 'rmum-:Mo
1127 1839 2062 1936 ATHENIENSI,
2183 1779 2206 1786 ’

720 2132 729 2136 ,
794 2072 1557 2138 PANcRAersTAE.

38 2312 41 2345 l
180 2285 384 2370 Unna
412 2307 662 2392 quidem
693 2306 881 2371 etiam
914 2307 1290 2373 Homeridae'
1332 2315 1628 2371 contexta
1672 2306 1945 2372 carmina
1994 2317 2062 2372 ut
2093 2308 2231 2391 pluf
2257 2332 2451 2392 ogdoa

180 2406 384 2474 timum
428 2420 628 2495 poetae
661 2409 1082 2495 auspicantur,
1128 2408 1435 2501 prooemio
1483 2431 1519 2471 a
1563 2406 1723 2473 Jove
1764 2410 1980 2493 ducto,
2035 2406 2227 2494 (inde)
2317 2404 2365 2448 ¹·

186 2510 353 2575 etiam
398 2512 497 2582 hic
540 2513 637 2579 vir
686 2511 938 2580 initium
982 2520 1061 2574 'ex
1108 2511 1293 2575 sacris
1346 2511 1791 2577 certaminibus
1841 2511 2230 2580 victoriarum

188 2612 350 2694 petiit
372 2617 650 2699 primum,
683 2614 971 2683 Nemeaei
1002 2616 1067 2681 in
1101 2614 1745 2679 multum-decantato
1772 2612 1947 2679 Jovis
1964 2616 2235 2678 luce.—

188 2712 437 2797 Oportet
463 2739 595 2783 vero
617 2720 825 2798 etiam,
851 2713 1107 2804 paterna
1134 2716 1439 2800 siquidem
1471 2716 1537 2780 in
1569 2719 1795 2780 semita
1841 2738 1985 2781 eum
2032 2724 2232 2780 recta-
2258 2745 2388 2806 (ΨΑ,
2409 2751 2455 2794 2,

185 2814 403 2882 ducens
430 2842 627 2886 aevum
651 2816 889 2907 magnis
915 2819 1088 2884 dedit
1118 2829 1554 2882 ornamentum
1575 2819 1866 2899 Athenis,
1889 2823 2236 2902 frequenter
2323 2814 2373 2858 ⁹·

182 2915 593 2990 Isthmicorum
624 2925 999 2992 sollennium
1046 2923 1372 3006 decerpere
1416 2921 1864 3006 pulcerrimum
1905 2923 2142 2998 florem,
2171 2919 2238 2982 in

183 3018 505 3110 Pythiisque
533 3026 809 3108 vincere,
835 3025 1136 3093 Timonoi
1169 3022 1392 3088 filium.
1480 3021 1606 3085 Est
1635 3042 1882 3107 quoque
1914 3028 2239 3084 consenta-
2279 3077 2284 3084 .

184 3131 431 3210 uncum,
452 3170 540 3182 --
570 3130 890 3197 montanis
931 3153 969 3195 a
999 3128 1349 3195 pleiadibus
1399 3148 1525 3191 non
1557 3127 1774 3211 procul
1804 3124 2103 3189 Orionem
2137 3121 2236 3187 iu·
2264 3153 2392 3210 offa,
2418 3158 2470 3206 3,

189 3227 370 3294 cedere
421 3233 507 3318 (h.
548 3257 606 3300 e.
664 3232 937 3299 victoriae
998 3232 1325 3296 Nemeaeae
1381 3229 1709 3293 succedere
1758 3228 2127 3292 Isthmicam
2174 3236 2238 3291 et
2296 3223 2376 3270 ¹⁷⁴

188 3323 528 3420 Pythicam).
625 3337 823 3422 Atqui
853 3334 1116 3399 Salamis
1144 3334 1411 3398 educare
1443 3331 1642 3400 virum
1677 3331 2037 3395 bellicosum
2068 3322 2247 3417 apta.¹

192 3429 343 3514 Apud
365 3433 617 3525 Trojam
656 3425 901 3505 Hector
930 3437 1191 3524 Ajacem
1220 3443 1508 3521 expertus
1531 3445 1625 3499 est
1659 3436 1924 3520 (pugna)
1951 3458 1968 3499 ε
2016 3442 2078 3498 te
2096 3455 2238 3499 vero

191 3548 226 3590 0
246 3529 609 3623 Timodeme,
641 3539 937 3606 fortitudo
966 3538 1270 3626 pancratii
1296 3538 1596 3602 laboriosa
1620 3538 2131 3603 celebrem-facit.
2151 3576 2239 3588 -
2342 3544 2352 3552 '

190 3633 453 3708 Acharnae
481 3653 702 3710 autem
733 3643 1077 3729 antiquitus
1108 3643 1362 3708 fortium
1395 3643 1660 3707 virorum
1706 3642 1968 3708 altrices.
2003 3653 2007 3658 ’
2053 3643 2234 3713 Quo·
2260 3671 2391 3735 ogd,
2406 3676 2456 3722 4,

188 3737 281 3805 ties
305 3762 434 3810 vero
461 3748 533 3812 iu
563 3747 1012 3815 certaminibus
1038 3746 1500 3812 Timodemidae
1519 3747 2007 3832 praestantissimi
2025 3768 2235 3813 recen·
2294 3745 2372 3787 ²⁵·

185 3847 401 3913 sentur!
446 3849 658 3937 Prope
688 3849 886 3916 altufn
916 3849 1170 3937 quidem
1218 3849 1588 3914 Parnassum
1634 3857 1902 3935 quatuor
1930 3870 2008 3912 ex
2039 3858 2237 3914 certa-

188 3944 422 4017 miuibus
434 3951 732 4019 victorias
759 3961 1183 4038 reportarunt3
1216 3961 1281 4016 at
1305 3975 1342 4016 a
1365 3951 1708 4017 Corinthiis
1744 3948 2236 4036 (Corinthiorum

181 4039 404 4136 judicio)
428 4055 616 4121 -in
648 4056 823 4120 fortis
850 4054 1098 4140 Pelopis
1125 4055 1463 4120 recessibus
1481 4063 1629 4119 octo
1649 4053 1781 4139 jam
1801 4072 2059 4117 coronas
2085 4072 2237 4112 con-
2263 4074 2393 4135 ogd,
2413 4080 2459 4124 ⁵.

182 4156 393 4236 sequuti
435 4167 628 4240 sunt3
678 4167 917 4243 septem
959 4167 1168 4222 autem
1213 4157 1513 4232 Nemeae3
1560 4156 1734 4221 domi
1780 4174 1924 4217 vero
1969 4159 2147 4233 pasta
2174 4150 2239 4214 in
2298 4142 2378 4189 ³3·

181 4247 322 4322 'ovis
349 4259 697 4328 oertamine
739 4277 995 4326 numero
1027 4257 1288 4345 majora.
1377 4259 1591 4329 Quem
1643 4235 1953 4341 (jovem),
1984 4270 2024 4310 o
2056 4248 2243 4332 cives,
