2925 5150
615 493 700 555 52
1417 490 1867 560 PYTHIA.

604 684 989 755 *suavemque
1017 663 1194 730 illum
1220 666 1707 747 concubitorem,
1736 686 1958 751 parum
1984 668 2289 752 palpebris
2317 670 2716 742 incumben-

612 764 1066 837 tem'somnum
1098 788 1472 833 consumens
1517 780 1762 850 (somno
1790 791 2020 856 parum.
2037 771 2398 856 indulgens)
2429 777 2550 842 sub
2579 801 2709 844 aa·

424 885 524 932 str.
545 891 591 936 e.
615 894 836 937 rotam.
864 909 955 920 —-
981 870 1231 935 Invenit
1259 894 1396 937 eam
1427 872 1760 958 aliquando
1779 873 2307 958 ampla-pharetra
2327 875 2708 961 instructus,

364 998 369 1007 ·
481 955 559 1004 ⁴⁵·
614 977 792 1039 leone
834 992 979 1040 cnm
1023 976 1275 1053 robusto
1317 976 1514 1041 solam
1564 976 1916 1041 luctantem
1960 974 2095 1040 sine
2145 978 2358 1059 armis,
2385 977 2707 1065 jaculator

612 1081 857 1166 Apollo,
946 1078 1179 1147 Statim
1208 1099 1351 1142 vero
1380 1100 1458 1142 ex
1486 1078 1727 1145 sedibus
1745 1080 2141 1159 (evocatum)
2176 1078 2516 1150 Chironem
2537 1088 2702 1152 allo-

610 1194 793 1250 cutus
813 1180 1240 1248 estsermone:
1288 1181 1480 1245 Sacro
1494 1182 1695 1262 antto',
1709 1180 2069 1269 Phillyride,
2091 1204 2372 1268 egressus
2400 1188 2704 1257 animum

602 1287 861 1352 feminae
886 1294 951 1348 et
982 1282 1277 1368 magnum
1308 1282 1497 1348 robui·
1524 1284 1861 1365 admirare3
1905 1287 2153 1372 qualem
2183 1287 2489 1373 intrepido
2517 1312 2697 1377 pug-

605 1413 751 1455 nam
768 1388 1206 1474 superinducat
1221 1384 1411 1472 capiti
1430 1388 1626 1473 (sibi)3
1643 1389 1998 1456 discrimine
2015 1388 2215 1476 majus
2231 1393 2440 1475 puella
2457 1404 2696 1477 pectus

600 1494 877 1565 habens3
942 1493 1282 1575 timoreque
1334 1514 1464 1557 non
1513 1496 1835 1559 turbantur
1878 1495 2236 1581 praecordia.
2325 1495 2481 1566 Quis
2536 1518 2688 1564 eam

381 1612 495 1660 Aut.
524 1618 573 1662 2.
602 1598 928 1662 hominum
954 1598 1212 1681 genuit?
1262 1616 1530 1680 quanam
1561 1599 1770 1660 avulsa
1798 1598 1985 1683 stirpe
2012 1637 2105 1649 —-
2133 1598 2447 1663 montium
2475 1620 2688 1665 reces-

445 1680 524 1726 6’·
600 1723 704 1766 sus
750 1701 986 1764 habitat
1030 1698 1511 1764 umbrosorum?
1572 1700 2001 1788 experiturque
2047 1703 2230 1766 robur
2278 1703 2687 1774 immensum.

597 1804 799 1868 Fasne
829 1813 922 1867 est
965 1804 1243 1869 inclitam
1278 1824 1535 1867 manum
1565 1804 1623 1867 ei
1651 1804 1916 1869 inferre?
1965 1826 2128 1869 anne
2172 1804 2367 1881 etiam
2401 1827 2512 1891 per
2539 1827 2683 1873 am-

593 1908 813 1992 plexus
865 1908 1170 1970 demetere
1223 1894 1531 1970 mellitum
1584 1898 1843 1972 florem?
1909 1907 2086 1972 Huic
2138 1928 2280 1971 vero
2332 1907 2686 1976 Centaurus

592 2010 792 2094 gravis
822 2009 1061 2095 placido
1084 2006 1307 2072 blande
1331 2008 1535 2072 ridens
1559 2010 1890 2095 supercilio
1908 2010 2238 2074 consilium
2261 2032 2444 2077 suum
2464 2016 2682 2080 statim

590 2114 873 2179 reddidit.
963 2113 1149 2189 Sunt,
1180 2135 1220 2174 o
1252 2111 1508 2191 Phaebe,
1537 2114 1809 2175 occultae
1838 2112 1916 2176 ad
1945 2134 2148 2177 sacros
2192 2135 2433 2178 amores
2474 2118 2680 2182 claves

590 2216 884 2302 sapientis
914 2216 1201 2279 Suadelae
1228 2238 1249 2294 3
1298 2224 1360 2278 et
1392 2215 1554 2277 inter
1583 2213 1730 2278 deos
1762 2214 2108 2299 pariterque
2141 2215 2425 2281 homines
2455 2240 2680 2286 veren-

585 2330 691 2385 tur
724 2321 996 2405 (omnes)
1027 2321 1229 2402 palam
1270 2320 1506 2400 (aperta
1530 2317 1616 2397 vi)
1640 2317 1929 2379 dulcibus
1960 2318 2081 2380 frui
2098 2317 2373 2401 primum
2390 2324 2677 2406 amplex-

386 2407 481 2520 3795·
514 2415 563 2461 ¹·
585 2423 746 2488 ibus,
806 2459 897 2473 --
939 2422 1229 2503 Namque
1276 2428 1362 2496 te,
1407 2415 1514 2481 cui
1558 2419 1686 2479 non
1727 2417 1876 2480 licet
1922 2439 2302 2502 quemquam
2350 2424 2681 2491 mendacio

484 2508 499 2524 ⁶
585 2524 857 2610 aggredi,
902 2520 1242 2586 commovit
1293 2518 1555 2582 blandus
1604 2538 1798 2599 amor,
1848 2529 1919 2584 ut
1972 2518 2264 2586 si'mulate
2307 2524 2676 2610 eloquereris

579 2626 753 2693 bunc
783 2646 1153 2693 sermonem.
1242 2623 1479 2690 Pueuae
1510 2644 1652 2687 vero
1675 2645 1976 2709 quorsum
2007 2645 2209 2709 genus
2239 2624 2596 2714 interrogas,
2628 2645 2680 2695 ο·

579 2735 731 2799 rex?
780 2733 888 2818 qui
923 2729 1160 2797 certum
1192 2728 1480 2793 omnium
1511 2750 1716 2794 rerum
1744 2729 1984 2794 exitum
2005 2728 2167 2793 nosti
2183 2737 2250 2792 et
2278 2751 2498 2798 omnes
2514 2735 2674 2816 vias;

579 2847 853 2924 quotque
884 2839 1067 2904 tellus
1100 2855 1285 2900 verna
1310 2834 1463 2900 folia
1501 2833 1758 2914 emittit,
1787 2843 2141 2919 quantaque
2167 2834 2236 2898 in
2267 2836 2420 2900 mari
2449 2844 2514 2900 et
2537 2835 2708 2902 ‘flu-*-

575 2942 691 3007 viis
721 2964 921 3007 arenae
950 2943 1043 3007 vis
1080 2942 1369 3007 fluctibus
1388 2942 1749 3025 impetuque
1780 2947 2108 3002 ventorum
2130 2937 2422 3016 volvitur-3
2453 2939 2668 3024 quod-²

576 3067 697 3132 que
725 3046 1003 3112 futurum
1034 3056 1145 3122 est,
1180 3055 1242 3109 et
1271 3042 1518 3128 quando
1541 3044 1820 3106 futurum
1854 3051 1971 3122 est,
2003 3043 2163 3106 bene
2185 3041 2494 3128 perspicis.
2584 3043 2672 3112 Si

444 3153 459 3168 ”
575 3159 786 3215 tamen
818 3151 963 3213 licet
993 3150 1177 3211 etiam
1212 3167 1358 3209 cum
1389 3144 1671 3228 sapiente
1700 3143 2074 3230 contendere
2107 3143 2299 3230 (apud
2327 3145 2471 3210 artis
2498 3147 2668 3211 vati·-

381 3257 481 3310 sir.
503 3261 551 3310 3.
575 3253 822 3318 cinandi
879 3252 1144 3336 peritum
1198 3245 1575 3329 vaticinari),
1621 3285 1713 3297 -
1758 3245 2006 3311 edicam‘
2057 3235 2227 3332 (q’uae
2274 3249 2484 3314 futura
2527 3269 2670 3315 esse

433 3327 513 3376 ⁸⁹⁶
572 3357 954 3443 praesentio).
1045 3353 1223 3418 Huic
1274 3352 1533 3415 maritus
1578 3349 1801 3414 venisti
1848 3351 2071 3414 vallem
2097 3351 2172 3415 irr
2206 3352 2467 3435 hancce,
2498 3362 2563 3417 et
2590 3376 2664 3421 es

572 3481 709 3524 eam
741 3468 907 3524 trans
938 3479 1126 3540 mare,
1156 3455 1334 3522 Jovis
1364 3454 1668 3520 eximium
1699 3456 1766 3519 in
1797 3452 2073 3537 hortum,
2119 3465 2666 3542 transportatur-us.

571 3563 670 3628 Ibi
694 3585 829 3627 eam
867 3562 1247 3647 (aliquando)
1282 3557 1546 3624 civitatis
1566 3558 1849 3644 reginam
1880 3559 2242 3640 constitues,
2268 3561 2501 3646 populo
2542 3558 2665 3624 ad-
2705 3549 2720 3562 ‘

569 3667 757 3730 ducto
805 3665 1055 3730 insulari
1086 3665 1163 3728 ad
1189 3664 1412 3727 collem
1470 3662 1709 3748 campis
1759 3661 2028 3747 undique
2070 3663 2372 3727 cinctum.
2460 3661 2663 3728 Nunc

565 3781 777 3836 autem
827 3764 1572 3855 spatiosa-prata-habens
1620 3784 1793 3830 sacra
1834 3764 1949 3828 tibi
1995 3763 2194 3849 Libya
2220 3762 2490 3848 excipiet
2516 3765 2664 3848 glo-

562 3877 787 3942 riosam
823 3872 1160 3957 nympham
1208 3866 1446 3934 aedibus
1479 3868 1543 3930 in
1586 3867 1785 3932 aureis
1829 3869 2165 3948 benevola3
2210 3867 2322 3932 ubi
2351 3866 2559 3931 statim
2591 3873 2660 3936 ei

561 3977 897 4068 tenendam
940 3973 1219 4058 legitime
1247 3970 1506 4036 donabit
1547 3979 1724 4036 terrae
1753 3971 2125 4057 portionem,
2158 3990 2360 4056 neque
2387 3972 2660 4055 frugife-·

560 4103 767 4148 rarum
799 4082 1147 4168 plantarum
1175 4083 1519 4161 expertem,
1552 4095 1754 4160 neque
1778 4075 2061 4161 ignotam
2086 4073 2526 4140 animantibus.
2557 4112 2659 4129 ·--

348 4177 463 4228 Ant.
485 4182 536 4233 ³·
556 4185 658 4250 Ibi
706 4185 904 4249 filium
962 4180 1176 4266 pariet,
1231 4198 1418 4262 quem
1480 4178 1735 4245 inclitus
1789 4177 2162 4258 Mercurius,
2205 4178 2655 4263 pulerithronis

388 4248 500 4295 ¹⁰4⁶
558 4287 756 4352 Horis
775 4284 1129 4370 Terraeque,
1162 4289 1520 4367 susceptum
1556 4301 1694 4346 cara
1723 4301 1760 4344 a
1789 4289 2004 4361 matre,
2024 4280 2244 4346 tradet.
2333 4280 2471 4346 111ae
2498 4301 2652 4347 vero

557 4391 818 4476 genibus
848 4390 973 4456 suis
1004 4385 1296 4476 imposito
1324 4384 1551 4453 infanti
1582 4393 1793 4452 nectar
1820 4383 1996 4453 labiis
2042 4394 2108 4449 et
2137 4386 2508 4453 ambrosiam
2537 4386 2644 4451 in-
