2925 5150
875 489 1343 558 CARMEN
1388 492 1509 553 XI.
2154 488 2233 559 ⁵7

122 662 379 744 ⁶adeas-23
437 674 507 729 et
536 662 916 728 Themidem
966 678 1204 724 sacram
1254 655 1716 742 Pythonemque
1744 669 1808 722 et
1843 658 2210 745 recte-judi·-

130 774 386 830 cantem
418 777 617 830 terroe·
638 762 1004 828 umbilicum
1052 761 1288 826 canatis
1314 760 1514 846 prima
1539 783 1886 846 vespera*—
1915 764 1982 826 in
2020 764 2212 849 septi·
2239 768 2332 834 Ep.
2358 771 2435 817 19.

126 868 421 950 portium
459 865 823 930 Thebarum
868 866 1132 949 gratiam
1165 854 1645 951 certaminisque
1676 864 1911 931 Cirrhae
1930 889 1951 945 3
1998 870 2062 931 in
2091 893 2218 955 quo

125 967 556 1053 Thrasydaeus
596 969 1163 1055 denuo-celebravit
1205 971 1357 1033 lares
1417 979 1727 1054 paternos,
1776 970 2104 1055 imponens
2149 973 2224 1036 iis
2260 1002 2268 1013 ·

125 1071 365 1136 tertius
413 1092 726 1151 coronam,
757 1074 824 1137 in
855 1073 1168 1158 opulentis
1216 1072 1373 1136 arvis
1409 1070 1663 1158 Pyladae
1712 1071 1927 1153 victor,
1973 1073 2231 1157 hospitis

123 1171 416 1238 Laconis
465 1174 731 1240 Orestoe.
770 1213 862 1227 -—
901 1174 1138 1256 Quem,
1162 1176 1516 1241 ⁴interfecto
1555 1186 1752 1261 patre,
1790 1176 2056 1240 Arsinoe
2083 1174 2230 1258 Cly·
2259 1203 2419 1250 suff,

108 1283 531 1341 ·taemnestrae·
549 1278 839 1342 manibus
861 1277 1078 1342 validis
1107 1300 1188 1341 ex
1212 1279 1489 1364 periculo
1521 1281 1732 1343 nutrix
1761 1279 1990 1364 eripuit
2021 1280 2232 1341 luctu·
2293 1271 2374 1316 ²⁵·

134 1399 259 1461 oso,
296 1381 558 1465 quando
607 1380 977 1447 Dardanidae
1020 1381 1212 1448 filiam
1265 1383 1497 1448 Priami
1529 1383 1934 1447 Cassandram
1968 1401 2232 1445 corusco

139 1502 249 1546 aere
272 1503 429 1546 cum
462 1484 966 1567 Agamemnonia
1017 1486 1227 1551 anima
1273 1487 1442 1551 misit
1490 1485 1858 1551 Acherontis
1902 1487 2101 1569 ripam
2149 1485 2228 1548 ad

138 1586 491 1649 umbrosam
538 1623 627 1635 —
675 1585 937 1650 crudelis
985 1588 1238 1653 femina.
1329 1589 1508 1655 Num
1557 1590 1724 1654 illam
1773 1587 2103 1674 Iphigenia
2148 1586 2226 1650 ad
2249 1584 2363 1695 *⁴3¹2-
2384 1582 2432 1630 ²·

140 1683 451 1772 Euripum
477 1696 750 1754 mactata
778 1691 995 1773 procul
1023 1711 1061 1753 a
1089 1692 1282 1776 patria
1311 1693 1676 1771 stimulavit,
1704 1693 1946 1757 dolosas
1975 1700 2047 1757 ut
2075 1711 2226 1754 con-
2347 1681 2363 1698 ’

144 1788 366 1853 citaret
391 1790 681 1856 insidias?
731 1813 811 1856 an
843 1791 965 1855 alio
994 1801 1131 1856 toro
1172 1795 1600 1861 lascivientum
1648 1796 1940 1860 nocturni
1967 1794 2230 1859 seduxe-

146 1901 303 1957 runt
331 1896 692 1978 amplexus?
738 1896 907 1980 quod
929 1917 1077 1961 sane
1096 1895 1432 1982 juvenibus
1454 1898 1747 1962 uxoribus
1776 1898 2234 1963 odiosissimum

149 2005 245 2060 est
296 1997 625 2082 flagitium,
657 1998 908 2085 fierique
954 2021 1081 2064 non
1126 2010 1352 2086 potest,
1388 2009 1458 2064 ut
1501 2001 1848 2064 occultetur
1888 2037 1979 2048 —
2020 1999 2237 2064 alienis
2265 2019 2360 2082 Ep.
2385 2022 2437 2067 2.

150 2096 407 2182 linguis,
492 2099 787 2167 Maledici
832 2103 1004 2167 enim
1051 2112 1202 2166 sunt
1243 2102 1407 2166 cives
1426 2125 1448 2181 3
1503 2101 1893 2186 sustinetque
1921 2099 2241 2186 opulentia
2294 2085 2383 2135 ⁴⁸·

157 2222 275 2264 non
325 2200 631 2267 minorem
686 2203 984 2270 invidiam
1004 2227 1025 2285 3
1072 2215 1136 2269 at
1166 2203 1494 2271 humiliter
1535 2205 1748 2268 vivens
1777 2203 1842 2267 in
1873 2202 2246 2267 abscondito

156 2305 355 2369 fremit
410 2308 795 2383 (obtrectat).
881 2305 1124 2371 Interiit
1176 2316 1341 2372 certe
1376 2306 1701 2393 (quicquid
1730 2313 1850 2387 est)
1906 2306 2038 2392 ipse
2066 2306 2245 2371 heros

161 2408 419 2488 Atrides,
461 2430 740 2475 reversus
785 2409 1060 2488 tandem,
1090 2410 1370 2476 inclitis
1351 2432 1417 2475 1n
1452 2410 1758 2495 Amyclis,
1782 2448 1874 2459 —
1920 2418 2245 2495 vatemque
2269 2413 2364 2466 Str·
2382 2416 2435 2462 3-

159 2511 415 2596 perdidit
459 2534 675 2579 secum
719 2514 1017 2601 puellam,
1047 2524 1374 2601 postquam
1408 2516 1491 2580 ob
1523 2514 1838 2580 Helenam
1883 2521 2242 2580 exustorum
2301 2483 2383 2529 ⁴⁹

163 2610 563 2698 Troianorum
617 2615 848 2702 dejecit
901 2616 1118 2683 domos
1163 2618 1242 2683 de
1292 2618 1623 2704 (pristinis)
1681 2619 1930 2703 opibus.·
2009 2618 2099 2682 At
2143 2617 2246 2680 ille
2290 2671 2299 2682 .

178 2713 479 2794 (Orestes)
528 2719 604 2782 ad
648 2741 860 2783 senem
913 2718 1222 2803 hospitem
1273 2718 1640 2804 Strophium
1696 2720 1977 2803 pervenit
2024 2717 2243 2803 puerili

172 2816 370 2901 capite
403 2825 631 2903 (puer),
647 2821 924 2886 Parnassi
944 2823 1166 2907 pedem
1199 2823 1601 2898 incolentem,
1632 2833 1847 2904 postea
1875 2842 2019 2883 vero
2039 2820 2247 2882 Marte

124 2961 132 2975 .
170 2919 370 2994 (feno)
418 2928 483 2982 et
525 2931 780 2986 matrem
826 2922 1137 2985 interfecit
1184 2933 1249 2983 et
1297 2922 1434 2983 neci
1484 2920 1656 2984 dedit
1703 2920 2095 3002 AEgisthum.
2158 2956 2250 2969 --

175 3018 370 3103 Certe,
422 3044 464 3086 o
507 3023 715 3102 amici,
775 3025 1292 3088 iter-deflectente
1347 3021 1528 3084 trivio
1581 3028 1835 3103 vagatus
1888 3040 2055 3098 sum,
2102 3040 2249 3082 cum
2280 3047 2470 3098 Anus.

176 3134 331 3188 recta
356 3126 457 3190 via
481 3127 830 3192 incederem
863 3137 1045 3192 antea
1062 3149 1083 3205 ς
1129 3133 1240 3190 aut
1269 3133 1494 3187 ventus
1520 3142 1621 3185 me
1652 3121 1870 3205 aliquis
1899 3129 2074 3184 extra
2108 3123 2250 3198 (na·
2307 3115 2394 3162 ⁵⁸·

181 3226 440 3311 rigandi)
490 3251 742 3295 cursum
795 3230 1090 3316 propulit,
1134 3237 1208 3292 ut
1254 3226 1572 3311 navigium
1625 3225 1957 3288 marinum.
2046 3222 2146 3289 Ad
2185 3231 2247 3286 te

182 3349 330 3412 vero,
356 3353 397 3396 o
426 3331 640 3413 Musa,
677 3333 868 3417 (quod
897 3333 1147 3409 attinet)
1181 3331 1236 3396 si
1267 3331 1548 3395 mercede
1593 3338 1771 3415 pacta
1798 3349 1864 3392 es
1893 3330 2097 3392 locare
2134 3349 2246 3392 vo-

190 3451 313 3496 cem
339 3434 1031 3519 argento-conductam,
1060 3425 1208 3499 alias
1231 3433 1352 3498 alia
1369 3454 1612 3497 movere
1629 3453 1738 3517 par
1754 3441 1883 3496 est:
1913 3468 1992 3480 —
2022 3430 2175 3495 Non
2201 3433 2244 3475 ¹*
2279 3461 2371 3523 Ep.
2390 3464 2440 3510 3,

188 3537 335 3617 patu·
359 3535 750 3620 Pythionicae
787 3559 955 3603 nunc
984 3547 1098 3601 aut
1124 3534 1505 3619 Thrasydaeo
1533 3532 1673 3619 ipsi,
1701 3554 1963 3619 quorum
1998 3534 2250 3599 lietitia·
2310 3530 2391 3577 ⁶⁷·

190 3656 303 3719 que
325 3649 383 3703 et
421 3640 619 3725 gloria
663 3642 1030 3738 resplendet.
1120 3637 1294 3703 Olim
1345 3637 1624 3703 curribus
1668 3638 1948 3722 proeclari
1994 3638 2255 3702 victores
2371 3703 2379 3710 ,

189 3737 611 3828 Olympiaeque
641 3743 1054 3809 certaminum
1084 3741 1625 3808 celeberrimorum
1656 3739 2062 3805 obtinuerunt
2090 3742 2255 3804 cele-

189 3846 621 3930 remfulgorem
645 3846 1017 3926 (victoriam)
1042 3846 1255 3932 equis·
1272 3835 1742 3927 —Delpbisque
1765 3849 1994 3927 (nunc)
2015 3841 2208 3908 nudi
2189 3862 2255 3905 m
2283 3866 2381 3916 su.
2402 3869 2453 3914 4.

191 3945 440 4013 stadium
489 3970 691 4034 quum
743 3948 1227 4031 descendissent,
1259 3955 1629 4038 superarunt
1660 3945 2095 4011 Graecanicam
2123 3953 2258 4007 tur-
2313 3933 2408 4029 ⁷3·-

190 4045 319 4115 bam
344 4054 696 4119 velocitate.
784 4052 1110 4118 Divinitus
1162 4058 1494 4138 (quotquot
1538 4049 1794 4113 deorum
1845 4050 2104 4114 numine
2146 4044 2261 4107 ob-

196 4147 452 4234 tingunt)
485 4164 778 4243 appetam
812 4158 1014 4221 bona·
995 4201 1015 4234 ‚
1064 4153 1140 4219 iis
1185 4154 1460 4234 studenS,
1494 4174 1638 4236 quae
1681 4150 1922 4234 assequi
1963 4147 2113 4209 licet
2157 4163 2266 4225 per

196 4248 388 4323 me-
470 4259 793 4326 Decorum
830 4258 1000 4323 enim'
1024 4257 1301 4322 civilium
1321 4279 1473 4322 cum
1496 4250 2008 4340 deprehenderim
2028 4244 2267 4311 medio-

792 4442 1163 4510 *Ῑιθςῦμῆϋι
1167 4445 1328 4510 vein.
1365 4460 1414 4495 v.
1450 4446 1537 4496 67.

356 4532 491 4578 vol..
536 4535 612 4580 11.
1236 4529 1260 4571 ι
