2925 5150
548 463 631 520 66
724 510 727 519 .
1358 462 1782 533 NEMEA.

550 631 676 695 lam
737 634 957 699 celebri
1014 636 1288 703 admovit
1346 640 1531 702 famae
1594 634 2022 722 praeclarisque
2077 639 2400 718 poetarum
2457 625 2630 692 curis

558 755 802 800 sacrum
863 737 1069 822 Pythii
1128 739 1185 801 ‘l
1190 740 1487 805 hearinm.
1575 738 1983 825 Experiundo
2034 758 2177 802 vero
2227 732 2628 817 conspicitur,

566 837 758 920 (quo
741 861 805 901 ιιι
835 841 1234 907 certaminum
1267 850 1517 929 genere)
1550 843 1806 928 quisque
1851 838 2249 906 excellentior
2272 834 2495 901 fueritz

330 928 528 1005 ,Διιβι
532 936 726 1003 ‘inter
765 963 985 1026 pueros
1028 940 1398 1028 juvenculos
1450 969 1624 1032 puer,
1655 948 1815 1010 inter
1857 945 2015 1009 viros
2060 943 2186 1020 vir;
2249 939 2430 1005 tertia
2473 937 2638 1000 inter

400 1018 514 1064 ²²⁵⁰
568 1043 972 1125 provectiores
1002 1067 1137 1130 pars
1177 1052 1382 1130 (zetas)
1416 1060 1532 1128 est,
1564 1049 1807 1135 qualem
1837 1046 2152 1132 quodlibet
2180 1047 2222 1089 ¹*
2253 1040 2639 1125 assequimur

446 1196 455 1204 .
569 1147 824 1210 mortale
875 1169 1073 1230 genus
1128 1154 1269 1225 (nos
1320 1151 1649 1219 hominum
1695 1149 2002 1236 quisque).
2087 1147 2246 1212 Suas
2273 1165 2415 1210 vero
2443 1143 2637 1207 etiam

569 1258 787 1331 quarto
836 1252 976 1313 loco
1028 1252 1280 1317 virtutes
1324 1254 1501 1321 affert
1545 1262 1852 1332 senectae,
1884 1251 2337 1337 prudenterque
2379 1255 2642 1311 tractare

561 1347 743 1434 jubet
771 1351 834 1415 id
861 1353 1074 1436 quod
1057 1376 1119 1417 m
1154 1355 1438 1420 manibus
1466 1366 1584 1420 est.
1669 1357 1727 1420 A
1757 1356 1980 1439 quibus
2009 1376 2136 1418 non
2164 1355 2337 1417 abest
2373 1348 2644 1431 (Aristo-

576 1452 813 1529 clides).
902 1455 1085 1518 Salve
1132 1456 1354 1521 amice.
1444 1458 1590 1541 Ego
1631 1459 1822 1523 hoece
1867 1458 1980 1522 tibi
2009 1454 2190 1521 mitto
2219 1454 2482 1518 mixtum
2512 1449 2644 1513 mel

578 1555 838 1620 candido
866 1579 1008 1622 cum
1038 1560 1223 1638 lacte,
1254 1560 1689 1645 admixtusque
1728 1582 1825 1625 ros
1853 1568 2152 1644 temperat
2179 1564 2397 1643 potum
2428 1562 2646 1619 canta-

314 1674 420 1735 Epn
409 1671 473 1717 d.
500 1675 553 1720 4.
581 1657 769 1722 bilem
801 1659 878 1722 ad
902 1658 1180 1726 AEolicos
1209 1664 1387 1727 flatus
1425 1664 1732 1749 tibiarum,
1758 1702 1847 1712 --
1873 1683 2007 1726 sero
2034 1661 2204 1726 licet.
2289 1657 2411 1722 Est
2435 1666 2652 1720 autem

385 1738 496 1787 ¹3⁸·
582 1762 788 1843 aquila
816 1763 992 1824 velox
1020 1763 1179 1827 inter
1204 1765 1500 1843 volucres,
1527 1787 1670 1850 quae
1701 1756 1951 1848 corripit
1978 1764 2189 1828 statim
2227 1784 2264 1827 e
2306 1759 2658 1844 longinquo

585 1862 914 1947 insequuta
943 1876 1263 1929 cruentam
1297 1867 1563 1950 praedam
1597 1866 1873 1952 pedibus·
1962 1864 2236 1929 Clamosi
2265 1874 2480 1928 contra
2509 1882 2659 1946 gra-

590 1966 718 2030 culi
771 1966 1035 2033 humilia
1077 1968 1439 2051 depascunt.
1526 1968 1672 2032 Tibi
1723 1968 1995 2052 quidem,
2038 1967 2461 2052 pulcrithrona
2517 1961 2662 2027 Clio

588 2068 855 2145 volente,
885 2067 1128 2143 victoris
1156 2071 1348 2133 animi
1375 2068 1663 2153 (virtutis)
1685 2090 1869 2136 causa
1896 2090 1934 2133 a
1963 2069 2204 2134 Nemea
2219 2067 2665 2154 Epidauroque

594 2169 989 2256 Megarisque
1017 2172 1275 2255 affulget
1301 2170 1513 2236 decus.

1293 2448 2013 2462 ”Um-m

1418 2649 1672 2725 NEM.
1731 2652 1849 2725 IV.

821 2856 1644 2944 TIMASARCHO
1705 2858 2357 2958 AEGINETAE

1397 3107 1969 3166 LUGTATORI.

415 3351 515 3399 Str.
542 3355 590 3397 ι.
620 3307 946 3390 ommes
974 3325 1193 3390 laetitia
1219 3326 1494 3388 laborum
1527 3323 1841 3388 finitorum
1872 3297 2151 3390 medicus
2174 3327 2458 3412 (medela,
2488 3350 2705 3396 recte..

620 3437 771 3518 atio)
798 3459 816 3513 3
862 3444 926 3497 et
956 3433 1265 3518 sapientes
1297 3431 1625 3495 Musarum
1664 3430 1806 3494 filiae
1836 3430 1996 3495 Odae
2028 3432 2404 3496 biandiorem
2425 3433 2707 3499 reddunt

618 3560 756 3603 eam
788 3553 1090 3621 aggressoe
1122 3538 1251 3617 (eos
1277 3535 1546 3614 canere).
1593 3531 1818 3617 Neque
1848 3533 2043 3597 calida
2071 3555 2230 3619 aqua
2258 3544 2506 3604 tantum
2527 3540 2709 3603 mol·

621 3641 708 3705 lia
736 3640 882 3702 facit
914 3639 1215 3717 membra,
1267 3645 1574 3719 quantum
1623 3637 1757 3700 laus
1806 3636 2056 3700 citharae
2108 3659 2341 3702 comes.
2417 3635 2710 3706 Carmen

623 3740 806 3806 factis
851 3739 1200 3803 diuturnius
1248 3738 1418 3817 vivit,
1458 3737 1626 3820 quod
1690 3736 2046 3803 Charitibus
2100 3740 2356 3824 (Musis)
2413 3735 2717 3827 propitiis

387 3855 508 3905 Aut.
530 3857 608 3906 14.
627 3847 844 3929 lingua
870 3863 906 3904 e
931 3851 1139 3906 mente
1170 3842 1490 3926 protulerit
1519 3845 1659 3906 alta.
1690 3882 1775 3891 ——
1806 3842 2006 3911 Quale
2031 3841 2183 3907 mibi
2204 3865 2562 3910 consecrare
2588 3850 2722 3914 Sa-

626 3947 958 4030 turnioque
986 3943 1131 4007 Jovi
1161 3955 1224 4006 et
1256 3945 1517 4007 Nemeae
1547 3943 1606 4005 T
1609 3944 2059 4029 imasarcbique
2091 3945 2281 4011 luctae
2307 3945 2526 4030 hymni
2553 3971 2720 4033 pro-

629 4052 897 4116 oemium
954 4045 1246 4129 (utinam)
1308 4044 1668 4129 contingat!
1726 4046 2015 4131 Accipiat
2075 4058 2282 4112 autem
2344 4044 2719 4136 (benevole)

629 4151 1027 4219 AEacidarum
1048 4147 1487 4212 bene-munita
1514 4147 1707 4226 sedeS,
1722 4145 1989 4232 justitiae
2009 4149 2728 4236 hospitibus-opitulan-

631 4256 710 4319 tis
732 4273 1072 4321 commune
1103 4253 1317 4316 lumen
1355 4250 1621 4335 (decus).
1667 4249 1738 4314 Si
1769 4271 1909 4315 vero
1927 4251 2127 4326 adhuc
2147 4261 2366 4338 vegeto
2381 4251 2727 4321 Timocri-

1019 4430 1049 4460 *³
1084 4425 1233 4489 sung.
1285 4420 1471 4473 lunen»
1492 4422 1626 4493 rinc.
1693 4423 1758 4472 At
1780 4438 1830 4473 v.
1859 4423 1969 4472 Not.
