2925 5150
836 502 1307 569 CARMEN
1350 506 1466 572 VI.
2099 511 2188 586 41

922 851 1404 925 PYTH.V1.

106 1032 1003 1120 XENOCRATI
1062 1034 2194 1139 AGRIGENTINO,

961 1256 1328 1317 CURRU.

120 1448 425 1535 Anna-13.
485 1453 729 1539 Utique
742 1455 912 1521 enim
930 1458 1693 1555 paetos-oculos-habentis
1709 1458 1966 1527 Veneris
1979 1483 2198 1529 arvum
2222 1491 2318 1540 su,
2353 1500 2402 1544 ῃ,

117 1569 563 1653 Charitumque
593 1577 842 1624 aramus
878 1561 1151 1643 (carmen
1170 1562 1513 1646 paramus),
1532 1562 1632 1643 ad,
1651 1562 2028 1629 umbilicum
2047 1565 2196 1629 hor·
2319 1568 2332 1599 ἲ

118 1671 344 1737 risonaa
372 1675 573 1742 terroe,
603 1663 916 1747 templum
948 1664 1333 1744 accedenteS,
1360 1664 1440 1745 de
1473 1664 1747 1750 Pythicis
1776 1667 2049 1739 victoriis
2093 1668 2198 1732 ubi

123 1772 418 1838 felicibus
445 1764 842 1830 Emmenidis
870 1766 1219 1854 fluvialique
1249 1769 1596 1854 Agrigento
1644 1780 1832 1857 atque
1878 1772 2033 1836 adeo
2060 1771 2196 1836 Xe-

121 1872 373 1940 nocrati
389 1877 628 1955 paratus
639 1868 1010 1952 hymnorum
1036 1873 1310 1957 (propter
1320 1871 1598 1939 victorias
1616 1873 1929 1961 Pythicas)
1946 1877 2200 1941 thesau-

124 1999 227 2042 rus
255 1975 325 2039 in
356 1971 546 2038 divite
576 1970 903 2054 Apollineo
931 1984 1273 2040 asservatur
1298 1976 1468 2056 luco,
1495 2015 1587 2026 —
1614 1999 1801 2062 quem
1855 2001 2059 2063 neque
2101 1979 2201 2043 hi-
2229 1991 2339 2042 Ant.
2354 1996 2433 2042 ω.

126 2081 348 2143 bernus
373 2074 571 2139 imber
593 2092 735 2137 cum
765 2073 1008 2160 impetu
1038 2076 1297 2156 irruens,
1328 2076 1664 2143 horrisonae
1696 2080 1880 2144 nubis
1898 2079 2206 2143 exercitus

134 2181 411 2259 immitis,
441 2197 641 2261 neque
680 2186 903 2242 ventus
948 2178 1014 2242 in
1062 2200 1336 2245 recessus
1390 2181 1578 2244 maris
1626 2181 1848 2267 rapiat,
1898 2190 2203 2245 convecto

137 2284 399 2369 undique
426 2283 490 2365 (a
518 2279 833 2363 fluctibus)
868 2282 1082 2345 sabulo
1109 2280 1363 2347 illisum.
1448 2284 1541 2347 At
1586 2283 1713 2362 ille,
1767 2286 1921 2361 luce,
1959 2284 2207 2346 vultum

140 2386 199 2449 in
229 2383 486 2449 candida
519 2383 608 2468 (h.
635 2404 692 2447 e.
740 2384 1299 2461 vultus-serenante
1344 2408 1490 2451 cum
1522 2386 1813 2470 laetitia),
1865 2384 2023 2471 patri
2075 2394 2205 2463 tun,

142 2486 529 2572 Thrasybule,
559 2506 1087 2571 communemque
1114 2487 1321 2572 generi
1372 2498 1509 2569 tu0‚
1540 2488 1930 2553 sermonibus
1973 2495 2205 2550 morta-

142 2590 295 2654 lium
323 2590 616 2669 inclitam‚
636 2588 912 2654 curulem
931 2588 1270 2656 Victoriam
1292 2590 1540 2656 Crisaeis
1562 2592 1629 2656 in
1657 2591 1942 2671 vallibus,
1959 2609 2207 2655 annun-
2341 2643 2356 2654 ,

146 2690 346 2755 tiabit.
385 2728 473 2739 —
507 2689 611 2754 Tu
636 2691 853 2776 utique
884 2713 1023 2757 eam
1056 2693 1430 2775 (victoriam)
1462 2694 1677 2758 dextre
1722 2711 1919 2756 manu
1969 2700 2212 2769 tenens,
2238 2708 2337 2756 su.
2360 2711 2408 2756 s.

148 2799 385 2857 rectum
413 2790 560 2853 colis
574 2801 978 2878 praeceptum,
1007 2795 1175 2880 quod
1201 2796 1355 2858 olim
1379 2797 1443 2859 in
1461 2795 1779 2858 montibus
1799 2792 1976 2856 aiunt
1995 2791 2212 2872 Phily-
2272 2773 2351 2821 ¹⁹·

147 2916 229 2959 rae
255 2893 453 2958 filium
477 2891 620 2955 forti
654 2895 714 2976 (a
744 2894 1132 2978 parentibus)
1162 2903 1404 2955 semoto
1435 2893 1671 2955 Pelidae
1703 2890 2170 2953 commendasse
2195 2910 2215 2949 z

150 3007 214 3062 ut
236 2994 544 3083 praecipue
575 2991 827 3077 quidem
853 2992 1016 3055 inter
1060 2993 1211 3055 deos
1260 2990 1518 3054 Saturni
1569 2988 1768 3053 filium
1821 2988 2214 3072 gravisontrm

152 3100 449 3183 fulgurum
477 3094 952 3181 fulminumque
981 3104 1283 3160 rectorem
1315 3094 1545 3158 coleret
1567 3115 1591 3172 3
1638 3091 1855 3156 eodem
1875 3112 2018 3154 vero
2032 3079 2218 3154 et'iam

155 3200 362 3265 honore
389 3205 725 3284 parentum
757 3191 949 3260 vitam
982 3197 1514 3261 fatis-concessam
1566 3215 1886 3282 nunquam
1934 3194 2220 3280 privaret.

155 3340 232 3351 -
256 3301 391 3365 Fuit
414 3310 479 3366 et
505 3309 700 3364 antea
746 3299 1122 3364 Antilochus
1169 3298 1342 3363 fortis
1375 3308 1585 3362 mente
1612 3299 1732 3362 hac
1761 3296 2080 3383 praeditus,
2110 3297 2221 3383 qui
2250 3317 2366 3367 Am.
2407 3321 2457 3366 2.

157 3403 422 3469 occubuit
447 3424 563 3489 pro
586 3410 787 3488 patre,
810 3401 1192 3467 homicidam
1215 3420 1412 3486 quum
1444 3400 1836 3466 sustinuisset
1856 3400 2083 3465 ducem
2107 3421 2220 3464 ex-
2280 3385 2359 3431 ²⁸·

159 3504 357 3569 ereitus
401 3503 796 3589 AEthiopum
850 3501 1287 3567 Memnonem.
1373 3502 1754 3567 Nestoream
1803 3501 1973 3566 enim
2025 3523 2222 3588 equus

160 3615 379 3673 cun-uni
393 3607 830 3675 remorabatur
850 3604 1084 3672 Paridis
1108 3627 1146 3671 a
1160 3603 1299 3671 telis
1317 3607 1562 3672 saucius
1580 3630 1602 3689 3
1648 3615 1712 3670 at
1727 3605 1830 3670 ille
1848 3604 2221 3688 (Memnon)

162 3709 509 3777 immittebat
536 3709 819 3774 validam
848 3710 1113 3776 hastam.
1200 3710 1368 3775 Tum
1402 3710 1703 3775 Messenii
1738 3710 1901 3774 senis
1946 3710 2226 3795 perculsa

161 3807 311 3878 inens
337 3812 707 3880 inclamavit
736 3813 935 3878 filium
967 3837 1177 3879 suum.
1219 3852 1311 3863 —
1352 3811 1585 3899 Neque
1612 3834 1757 3877 vero
1798 3812 2040 3877 irritum
2084 3831 2223 3874 ver-
2249 3840 2349 3889 sst,
2375 3839 2425 3884 3,

162 3913 536 3982 bum-emisit.
634 3914 767 3979 Sed
798 3924 969 3980 stans
999 3915 1313 3998 (adversus
1361 3914 1642 3994 hostem)
1693 3914 1939 3978 divinus
1982 3913 2088 3976 ille
2134 3909 2228 3975 vir
2286 3907 2367 3952 ³⁷·

164 4017 572 4102 (Antilochus)
607 4016 877 4082 redemit
906 4027 1103 4083 morte
1132 4019 1324 4084 vitam
1353 4019 1567 4105 patri8‚
1596 4016 1887 4100 visusque
1918 4023 2013 4080 est
2059 4009 2225 4094 apud

166 4117 389 4205 majores
414 4121 591 4187 inter
615 4119 1066 4200 adolescentes„
1090 4120 1365 4186 facinore
1387 4117 1633 4205 ingenti
1657 4123 2028 4203 perpetrato,
2053 4129 2228 4171 sum-

167 4239 279 4285 mus
304 4245 431 4289 mse
457 4224 715 4310 pietate
744 4240 891 4303 erga
913 4229 1215 4306 parentes.
1307 4224 1516 4307 Atque
1533 4220 1674 4283 haec
1694 4216 1949 4305 quidem
1974 4213 2041 4273 in
2066 4228 2230 4290 prae·

66 4415 67 4420 ¹
164 4322 323 4392 teritis
349 4337 520 4395 sunt.
586 4323 777 4389 Inter
805 4330 1042 4389 nostros
1070 4345 1213 4391 vero
1242 4323 1429 4393 etiam
1455 4319 1886 4402 Thrasybulus
1909 4317 2233 4396 paternam
