2925 5150
586 576 664 634 aa
1284 614 1295 624 .
1352 534 1889 634 onmem.

582 748 1382 827 argenteo-arcu-pugnans
1438 734 1763 817 Phoebm
1825 754 2030 822 neque
2088 731 2277 802 Pluto
2332 734 2684 809 immotam

581 846 791 910 tenuit
850 845 1112 923 hastam,
1162 841 1447 907 mortalia
1492 860 1746 926 corpora
1790 858 1917 926 qua
1960 837 2277 923 compellit
2320 854 2541 901 cavum
2587 837 2684 909 ad

586 947 797 1012 vicum
828 955 1234 1012 mortuorum.
1303 940 1528 1029 Abjice
1553 941 1710 1006 mihi
1733 961 2080 1006 sermonem
2097 940 2296 1021 hunc,
2324 961 2417 1005 os.
2492 939 2682 1007 Nm

587 1050 915 1117 conviciari
961 1049 1078 1115 diis
1120 1048 1335 1113 odiosa
1360 1045 1663 1131 sapientia
1689 1054 1824 1125 est3
1870 1053 1934 1110 et
1962 1042 2206 1128 gloriari
2233 1040 2682 1128 intempestive

343 1183 459 1233 Ant.
488 1184 537 1233 2.
583 1194 675 1206 --
719 1153 979 1218 insaniae
1012 1160 1334 1216 consonat.
1421 1148 1526 1212 Ne
1557 1169 1726 1212 nuuc
1766 1149 2024 1213 blateret
2052 1146 2219 1213 talia.
2307 1146 2502 1211 Mitte
2527 1147 2680 1211 bel-2

442 1250 526 1299 ⁵⁹·
584 1257 719 1322 lum
764 1275 1166 1341 pugnamque
1195 1274 1444 1318 omnem
1492 1250 1970 1331 Immortalium,
2004 1258 2320 1317 convertas
2346 1250 2557 1334 potius
2585 1249 2679 1321 ad

585 1357 979 1442 Protogeniae
1005 1359 1219 1421 urbem
1243 1355 1550 1439 linguam,
1581 1354 1685 1420 ubi
1712 1349 2304 1419 fulmina-vibrantis
2330 1350 2507 1415 Jovis
2535 1351 2675 1416 im-

581 1460 754 1547 perio
801 1459 1031 1544 Pyrrha
1076 1459 1570 1542 Deucalionque,
1626 1456 1924 1521 Parnasso
1978 1479 2125 1521 cum
2174 1455 2670 1537 descendissent,

580 1562 841 1626 domum
889 1569 1326 1626 exstruxerunt
1370 1561 1666 1645 primum,
1712 1561 1972 1645 sineque
2018 1556 2359 1624 concubitu
2383 1555 2668 1643 ejusdem

581 1662 822 1747 generis
878 1663 1301 1750 produxerunt
1346 1662 1654 1748 lapideam
1699 1662 1998 1743 sobolom,
2048 1660 2155 1747 qui
2202 1659 2320 1724 Lai
2372 1660 2670 1746 adpellati

580 1776 749 1831 sunt.
836 1765 1062 1832 Excita
1091 1768 1439 1835 carminum
1472 1766 1593 1831 illis
1620 1765 1835 1830 modos
1860 1787 2134 1845 sonoros,
2159 1762 2462 1849 laudaque
2480 1772 2666 1828 vetus

400 1910 560 1971 Epa.
580 1868 832 1954 quidem
851 1869 1106 1947 vinnm3
1141 1869 1315 1932 flores
1333 1889 1475 1933 vero
1499 1869 1875 1953 hymnorum
1898 1904 1989 1916 —
2022 1865 2394 1932 recentium.
2462 1865 2667 1930 Aiunt

444 1979 527 2026 ⁷⁵·
579 1992 729 2049 sane
756 1982 977 2036 terram
1012 1969 1260 2057 quidem
1294 1970 1626 2036 inundasse
1670 1971 1911 2055 nigram
1941 1990 2124 2055 aquae
2154 1967 2305 2051 vim,
2333 1966 2440 2032 sed
2481 1966 2667 2032 Jovis

578 2050 727 2138 arte.
751 2083 1090 2160 resorptam
1132 2094 1264 2138 esse
1307 2081 1561 2158 repente
1607 2071 1906 2136 undarum
1953 2070 2305 2137 colluviem.
2391 2067 2491 2132 Ex
2532 2067 2668 2132 illis

576 2184 785 2240 autem
815 2175 1120 2261 originem
1163 2176 1478 2242 duxerunt
1520 2173 2281 2259 *ereis-clypeis-instructi
2308 2170 2493 2237 vestri
2518 2192 2664 2237 ma-

426 2272 432 2281 ’
565 2274 755 2360 jures,
786 2278 1025 2362 origine
1048 2276 1098 2343 J
1099 2276 1464 2365 apetiouidis
1491 2276 1701 2361 stirpis
1726 2276 1840 2342 filii
1860 2277 2330 2363 puellarumque
2356 2266 2661 2361 prestan-

377 2376 953 2446 amatissima-um
1000 2377 1430 2459 Cronidarum,
1481 2378 1794 2463 indigenas
1841 2398 2014 2464 reges
2055 2398 2335 2464 semper3
2395 2386 2670 2444 -ante

431 2461 518 2512 ⁸⁵·
582 2499 770 2574 quam
825 2482 1159 2569 Olympius
1204 2504 1313 2548 rex
1363 2503 1510 2549 cum
1557 2480 1684 2546 fllia
1723 2482 2024 2568 opuntis,
2053 2504 2104 2546 e·
2133 2490 2292 2547 terra
2335 2479 2665 2567 Epeorum

583 2592 781 2668 rapta,
809 2585 975 2650 clam
1007 2585 1429 2651 consuevisset
1455 2585 1777 2652 Maenaliis
1805 2586 1874 2650 in
1893 2585 2086 2674 jugis,
2129 2603 2394 2671 eamque
2422 2584 2670 2651 addux-

582 2684 731 2751 isset
745 2685 823 2751 ad
838 2685 1131 2767 Locrum,
1148 2709 1231 2753 ne
1248 2689 1515 2754 auferret
1532 2710 1677 2755 eum
1695 2699 2001 2770 senectus,
2020 2699 2284 2754 mortem
2301 2687 2667 2769 admovens,

580 2790 800 2855 orbum
818 2791 1009 2876 prole.
1080 2791 1288 2857 Enixa
1305 2802 1516 2868 autem
1533 2803 1629 2857 est
1644 2795 1884 2879 prolem-
1901 2792 2437 2877 generosissimam
2459 2807 2618 2860 uxor
2631 2816 2668 2872 5

580 2890 952 2978 gavisusque
978 2903 1073 2958 est
1101 2894 1366 2959 intuitus
1396 2894 1580 2959 heros
1602 2895 1916 2962 subditum
1950 2893 2170 2960 fllium.
2257 2893 2528 2959 Materni
2555 2877 2684 2961 avi'

578 3005 789 3060 autern
811 2993 1001 3082 jussit
1028 3017 1171 3062 cum
1204 2997 1652 3081 cognominem
1682 3017 1835 3077 esse,
1865 3013 2185 3062 summum
2234 2996 2428 3061 virum
2453 2996 2667 3061 forma

377 3126 554 3180 Aa&
578 3107 643 3161 ot
670 3099 871 3176 factis,
901 3099 1242 3181 urbemque
1270 3097 1328 3160 ei
1357 3096 1528 3162 dedit
1555 3100 1979 3185 populumque
2008 3097 2373 3185 regendum.
2400 3131 2491 3148 -—-
2515 3098 2660 3164 Ad-

417 3197 528 3243 201·
578 3205 879 3261 venerunt
902 3207 1108 3261 autem
1142 3197 1245 3280 (ad
1273 3200 1448 3281 eum)
1477 3199 1753 3284 hospites
1775 3223 1854 3265 ex
1879 3203 2064 3287 Argis
2085 3223 2165 3266 ex
2194 3200 2666 3287 Thebisque,et

578 3297 850 3363 Arcades
879 3297 1151 3384 itemque
1170 3297 1418 3368 Pisatoe.
1505 3299 1738 3369 Filium
1759 3314 1972 3370 autem
2003 3306 2252 3388 Actoris
2274 3305 2662 3391 AEginaeque·

576 3399 964 3467 Menoetium
1010 3402 1281 3468 maxime
1323 3404 1644 3471 honoravit
1689 3406 1850 3472 inter
1890 3407 2175 3472 advenas.
2262 3405 2464 3493 Cujus
2491 3407 2669 3473 filius

576 3523 726 3568 cum
781 3502 1015 3569 Atridis
1061 3504 1126 3569 in
1172 3505 1576 3574 Teuthrantis
1634 3511 1834 3576 solum
1896 3512 2236 3596 prossectm,
2278 3510 2455 3577 stetit
2505 3531 2658 3577 cam

573 3606 820 3671 Achille
847 3608 1037 3685 solus,
1067 3628 1213 3673 eum
1244 3618 1525 3676 strenuos
1541 3611 1798 3677 Danaos
1828 3614 1892 3677 in
1917 3615 2128 3697 fugam
2159 3633 2366 3678 venos
2385 3611 2671 3678 marinas.

574 3709 643 3774 in
692 3729 936 3796 puppes
988 3708 1308 3797 Telephus
1355 3714 1778 3800 compulisset,
1810 3724 1880 3779 ut
1913 3714 2230 3801 specimen
2260 3714 2458 3796 daret,
2486 3712 2668 3779 unde*-

570 3811 838 3900 prudens
892 3813 1157 3899 quisque
1204 3824 1608 3901 cognosceret
1654 3814 1924 3883 Patrocli
1952 3819 2180 3882 fortem
2206 3817 2525 3884 animum:
2571 3837 2668 3883 ex.

387 3935 478 4002 ¹³9·
497 3942 548 3989 ³,
568 3935 695 4001 quo
720 3911 1007 3979 Thetidis
1046 3917 1246 4001 proles
1274 3915 1623 4002 periculoso
1650 3918 1828 3983 illum
1859 3919 1924 3983 in
1957 3919 2123 3984 bello
2150 3957 2240 3969 -
2263 3920 2542 4004 rogabat,
2571 3939 2666 3983 ne

409 4008 518 4052 ¹¹⁷·
570 4037 867 4104 umquam
913 4039 951 4082 a
992 4039 1104 4082 sua
1131 4039 1409 4084 seorsum
1458 4020 2391 4090 mortalium-domitrice-hasta
2418 4020 2482 4086 in
2513 4018 2660 4085 acie

570 4129 781 4186 staret.
851 4117 1075 4186 Essem
1104 4122 1433 4202 facundus,
1464 4134 1537 4189 ut
1556 4126 1947 4208 procederem
1976 4135 2194 4191 vectus
2223 4126 2291 4190 in
2321 4124 2652 4190 Musarum

571 4242 775 4301 curru,
797 4220 1180 4305 audaciaque
1202 4233 1267 4288 et
1293 4227 1503 4312 ampla
1524 4228 1787 4293 facultas
1806 4229 1960 4292 mihi
1978 4228 2237 4294 adesset.
2312 4225 2666 4292 Enimvero

569 4322 655 4384 ob
670 4322 918 4410 hospitii
937 4322 1456 4393 necessitudinem
1478 4330 1893 4414 virtutemque
1917 4331 2058 4396 veni
2076 4332 2354 4397 laudator
2369 4328 2667 4395 Isthmiis.

568 4421 1050 4493 lambromachi
1090 4430 1357 4510 coronis,
1385 4430 1537 4498 dum
1569 4434 1754 4499 ambo
1787 4434 1920 4518 (ille
1949 4445 2014 4501 et
2039 4433 2521 4520 Ephamoetoa)
2556 4433 2660 4497 νὴ
