2925 5150
814 442 1283 513 oAnMEN
1323 389 1438 510 vi.
2102 437 2182 509 71

1268 732 1285 781 ὃ

952 1003 1218 1081 ΝΕΜ.
1281 1005 1404 1079 VI.

304 1248 1131 1339 ALCIMmAE
1212 1196 2089 1341 AEGINETAE,'

490 1516 794 1580 INTER
870 1514 1243 1578 PUEROS
1298 1516 1872 1576 LUCTATom.
1941 1482 1948 1491 ’

20 1674 25 1839 ι
144 1742 402 1823 Unum
444 1754 725 1838 idemque
778 1750 1109 1816 hominum
1156 1750 1535 1836 deorumque
1586 1772 1807 1835 genus,
1853 1773 1932 1815 ex
1972 1774 2220 1839 unaque
2243 1775 2344 1824 su,
2378 1780 2427 1823 ι.

20 1898 23 2023 ν

20 2100 23 2207 ι

137 1854 461 1938 spiramus
520 1862 709 1916 matre
748 1850 993 1934 utrique
1013 1873 1032 1910 ε
1078 1849 1311 1915 dirimit
1351 1870 1495 1914 vero
1548 1840 1934 1935 (utrumque)
1979 1873 2226 1937 prorsus

140 1958 395 2021 diversa
418 1955 528 2034 vis,
560 1956 645 2019 ita
668 1953 915 2019 utillud
942 1953 1195 2039 quidem
1223 1952 1377 2016 nibil
1418 1952 1537 2031 sit3
1585 1975 1816 2018 aereum
1865 1974 2007 2045 vero
2052 1956 2234 2021 firma

144 2080 401 2143 semper
426 2058 601 2124 sedes
631 2068 842 2123 manet
874 2059 1135 2121 coelum.
1179 2053 1416 2119 Verum
1448 2054 1653 2139 aliquo
1676 2056 1863 2120 modo
1881 2057 2110 2123 similes
2127 2080 2235 2122 su-

151 2182 293 2225 mus
326 2172 541 2227 tamen
571 2170 711 2225 tum
736 2161 977 2224 excelsa
1003 2166 1215 2223 mente
1265 2166 1400 2221 tum
1448 2178 1702 2243 corpore
1749 2159 2236 2225 immortalibust

20 2332 23 2363 ἰ
153 2264 408 2330 tametsi
438 2263 808 2343 nescientes,
838 2284 987 2326 cum
1032 2282 1143 2346 per
1182 2260 1453 2341 noctem,
1504 2269 1645 2326 tum
1690 2260 1965 2327 interdiu
2015 2280 2239 2347 quam-

158 2385 309 2428 nam
336 2388 448 2430 nos
474 2367 678 2430 fatum
694 2363 947 2451 jusserit
976 2383 1212 2428 currere
1240 2362 1318 2428 ad
1349 2371 1606 2428 metam.
1633 2402 1724 2449 ·.···
1751 2363 2008 2430 Iudiciis
2030 2375 2239 2430 autem
2267 2377 2387 2428 Ant.
2412 2377 2495 2424 u.

160 2468 355 2530 certis
382 2468 723 2533 Alcimidas
772 2476 839 2531 et
870 2487 1039 2530 nune
1064 2465 1322 2530 exhibet
1374 2467 1809 2551 cognationem
1851 2467 2246 2553 conspicien-

159 2567 324 2633 dam
382 2569 646 2635 similem
702 2568 1012 2655 frugiferis
1063 2569 1243 2650 arvis,
1301 2591 1441 2654 quoe
1495 2570 1862 2638 alternantia
1917 2572 2251 2658 aliquando

161 2669 439 2752 quidem
465 2671 695 2737 victum
724 2673 1087 2739 hominibus
1107 2664 1413 2738 'annuum‘
1437 2696 1474 2737 e
1506 2674 1744 2758 eampis
1770 2676 1938 2754 dare,
1969 2675 2253 2758 aliquan-

163 2769 265 2836 do
316 2793 463 2838 vero
489 2793 693 2838 rursus
732 2775 1112 2861 quiescentia
1156 2773 1424 2855 recipere
1473 2778 1699 2838 solent.
1784 2777 1997 2840 Rediit
2045 2779 2259 2858 utique

160 2873 449 2939 Nemeae
480 2897 559 2937 ex
588 2876 949 2939 amabilibus
977 2869 1424 2937 certaminibus
1451 2892 1607 2956 puer
1637 2865 1920 2954 certator,
1944 2877 2074 2959 qui,
2104 2877 2268 2939 hane

164 2985 549 3040 consectans
579 2976 1053 3041 a-Jove-datam
1077 2983 1332 3053 sortem,
1366 2994 1537 3036 nunc
1565 2977 1851 3059 apparuit
1883 2998 2007 3040 non
2033 2978 2267 3041 infaus-

169 3088 279 3141 tus
327 3080 501 3143 lucta
541 3088 797 3142 venator
837 3117 930 3127 ——
952 3074 1231 3161 vestigiis
1275 3073 1768 3142 Praxidamantis
1813 3100 1999 3144 suum
2048 3081 2267 3165 pedem
2297 3091 2389 3159 Ep.
2410 3095 2495 3141 ΞΤ.

167 3177 450 3265 infigens
475 3180 847 3266 avi-paterni
878 3176 1614 3262 eodem-sanguine-orti.
1676 3182 1792 3248 Ille
1815 3182 2010 3264 enim,
2043 3184 2270 3269 Olym·
2508 3190 2513 3196 '

174 3281 367 3366 picus
390 3284 610 3364 victor,
641 3277 709 3347 in
740 3281 1144 3347 AEacidarum
1172 3280 1471 3347 honorem
1519 3283 1704 3346 ramis
1733 3284 2006 3369 primum
2036 3290 2116 3353 ab
2156 3289 2273 3351 Al-

175 3383 379 3469 phee,
407 3397 471 3452 et
495 3386 827 3472 quinquies
872 3387 939 3450 in
969 3386 1209 3451 Isthmo
1254 3391 1609 3467 coronatus,
1653 3387 1918 3456 Nemeae
1965 3413 2108 3456 vero
2163 3401 2278 3474 ter,

185 3489 452 3552 sustulit
476 3489 858 3553 oblivionem
894 3489 1193 3568 Soclidae,
1220 3487 1327 3573 qui
1356 3497 1510 3553 natu
1542 3491 1851 3557 maximus
1880 3494 2281 3578 Agesimaehi

180 3588 467 3655 filiorum
500 3593 626 3658 fuit
642 3617 664 3674 3
700 3628 783 3640 --
814 3594 966 3657 dum
993 3604 1113 3657 tres
1140 3592 1251 3671 illi,
1282 3592 1391 3677 qui
1413 3592 1665 3676 quidem
1683 3596 2019 3661 certamina
2047 3598 2280 3685 experti
2308 3621 2406 3669 Su.
2429 3619 2479 3664 2.

182 3694 468 3772 fuerant,
492 3695 1166 3782 praemia-reportantes
1189 3694 1266 3757 ad
1286 3695 1602 3779 fastigium
1622 3697 1836 3780 gloriae
1854 3710 2285 3783 pervenerunt.
2342 3686 2423 3732 ³⁸·

176 3793 319 3859 Per
371 3796 475 3860 dei
520 3808 733 3862 autem
783 3803 1052 3864 favorem
1100 3797 1284 3863 aliam
1330 3800 1566 3863 nullam
1620 3799 1878 3864 domum
1941 3795 2288 3888 insignem—

178 3897 355 3961 fecit
384 3899 707 3983 pugilatus
736 3902 1006 3986 plurium
1038 3901 1497 3986 reportatricem
1532 3924 1899 3968 coronarum
1936 3904 2003 3970 in
2046 3924 2294 3970 recessu

179 4000 482 4065 Graeciae
511 4002 845 4079 universas.
933 4003 1129 4089 Spero
1159 4025 1261 4067 me
1292 4026 1519 4088 magna
1537 4007 1820 4070 locutum
1834 4008 2291 4070 collimaturum

181 4102 271 4165 ad
326 4125 624 4186 scopum,
688 4104 777 4168 ita
835 4108 912 4170 ab
973 4126 1123 4171 areu
1198 4103 1640 4190 ejaculantem.
1726 4106 1929 4169 Recta
1992 4106 2071 4168 ad
2131 4105 2295 4167 hanc

185 4204 577 4286 (Alcimidae
639 4204 927 4290 domum)
1021 4208 1237 4293 dirige,
1290 4207 1503 4287 Musa,
1602 4217 1861 4271 ventum
1956 4202 2298 4272 secundum

188 4303 564 4371 carminum
628 4307 1101 4391 laude-gravem
1156 4313 1221 4373 ¹¹⁵.
1302 4307 1638 4372 Defunctis
1711 4304 1964 4389 quidem
2020 4301 2185 4381 viris,
2214 4344 2304 4359 —

1084 4479 1114 4509 ⁸
1139 4496 1187 4530 v.
1205 4478 1376 4527 Notas.
