2925 5150
18 550 27 653 „.,--
20 510 23 535 Δγ
20 410 29 477 -ι-ν
20 260 29 397 ὴΫτ-Α

685 434 767 527 ss
1158 450 1181 471 π
1506 431 1960 503 PYTHIA.

543 660 549 675 ‚
691 599 817 664 cria
857 600 1244 667 diuturniore
1286 600 1582 666 felicitate
1627 603 1864 685 florere,
1894 605 2181 693 improbo
2223 619 2456 679 sortem
2498 615 2780 697 tynum*-

468 694 628 814 ΑΡτιὲ
608 701 664 747 4·
691 701 885 769 dum·
929 740 1020 757 —··
1063 704 1504 769 communibus
1557 704 1888 775 virtutibus
1945 710 2230 778 intentus
2275 735 2420 780 sum
2478 714 2781 798 (studeo).

689 798 895 871 Invidi
940 814 1151 872 autem
1185 808 1535 900 puniuntur
1563 831 1748 879 noxa.
1835 807 1908 878 Si
1937 813 2076 898 quis
2106 814 2421 881 felicitatis
2454 815 2779 902 fatigium

616 958 625 969 .
678 916 1015 990 assecutus,
1046 911 1495 997 tranquilleque
1532 913 1789 998 degens,
1817 935 1856 979 a
1877 916 2050 1001 gravi
2095 916 2324 1004 injuria
2363 940 2433 983 se
2474 917 2778 1001 cohibuit,

675 1010 730 1075 is
753 1013 950 1098 nigrae
974 1014 1317 1081 terminum
1344 1016 1718 1101 pulcriorem
1740 1020 1967 1085 mortis
2001 1021 2300 1106 consequi
2325 1023 2508 1102 solet,
2535 1021 2775 1088 dulch-
2867 1100 2898 1117 φ

492 1166 499 1179 .
673 1115 853 1180 simae
870 1116 1090 1198 soboli,
1108 1120 1294 1184 bonae
1312 1121 1528 1201 famae,
1542 1123 1850 1187 bonorum
1881 1124 2493 1209 praestantissimum,
2510 1125 2786 1192 domm

486 1221 614 1339 Ep'l.
602 1227 651 1272 4
672 1216 1048 1301 relinquens.
1108 1256 1202 1268 —-
1261 1219 1451 1289 Quod
1506 1220 1535 1285 1
1538 1222 1858 1307 phichden
1910 1234 2215 1311 (quoque)
2273 1227 2582 1292 celem
2623 1227 2776 1293 facit

598 1315 916 1384 Iolaum
955 1319 1207 1405 hymnis
1252 1322 1654 1391 decantatum
1700 1333 1764 1390 et
1806 1325 2079 1397 castoris
2123 1331 2312 1397 robur
2356 1338 2560 1413 teque,
2589 1351 2633 1393 o
2661 1350 2779 1395 rex

674 1415 921 1500 Pollux,
953 1421 1063 1486 filii
1106 1423 1390 1507 deorum,
1420 1425 1521 1491 die
1561 1450 1690 1493 uno
1717 1428 1786 1494 iu
1814 1431 2065 1499 sedibus
2114 1434 2444 1519 (sepulcro)
2475 1431 2774 1519 Therap-

675 1542 805 1603 nes‚
838 1525 1028 1590 altero
1048 1526 1327 1596 vicissim
1345 1530 1747 1615 habitantes
1727 1554 1795 1601 ru
1820 1536 2121 1621 Olympo·

1434 1998 1757 2077 PYTH.
1818 1940 1990 2078 ΧΠ.

967 2182 1374 2269 MmAE
1438 2182 2469 2285 AGRIGENTlNo,

1471 2406 1926 2493 mmmm.

440 2625 537 2675 Str.
579 2630 624 2675 1.
656 2600 864 2685 RoGo
887 2628 971 2701 te,
996 2641 1037 2684 o
1065 2619 1404 2708 splendoris
1450 2620 1672 2701 amica,
1704 2622 2079 2708 pulcerrima
2108 2620 2766 2687 mortalibus-habita-

649 2744 855 2800 tarum
888 2734 1161 2811 urbium,
1196 2731 1580 2816 Proserpinae
1628 2729 1856 2812 sedes,
1859 2752 2002 2814 quae
2033 2730 2111 2796 ad
2136 2732 2297 2817 ripas
2328 2733 2611 2817 pecorosi
2638 2734 2764 2798 ha-

648 2839 808 2904 bitas
830 2834 1197 2922 Acragantis
1216 2832 1530 2900 aedificiis-
1533 2835 1724 2896 bene-
1730 2843 2161 2898 constructum
2188 2833 2432 2909 collem,
2449 2834 2764 2919 propitia,

647 2942 941 3028 oregina,
972 2938 1418 3005 immortalium
1462 2936 1923 3018 hominumque
1977 2955 2126 2998 cum
2159 2932 2611 3016 benevolentia,
2645 2959 2772 3004 ac-

649 3046 788 3131 cipe
807 3061 1100 3108 coronam
1117 3040 1280 3103 hanc
1297 3059 1384 3101 ex
1401 3037 1691 3121 Pythone
1710 3036 1965 3102 illustris
1984 3036 2209 3118 Midae,
2227 3057 2496 3119 eumque
2512 3034 2773 3122 ipsum,

647 3142 963 3208 Graeciam
995 3140 1102 3226 qui
1131 3138 1444 3223 superavit
1487 3148 1653 3203 arte·
1634 3185 1654 3218 ,
1702 3161 1890 3224 quam
1923 3140 2240 3225 quondam
2274 3137 2475 3205 Pallas
2505 3139 2772 3210 invenit

646 3243 973 3311 audacium
1000 3241 1371 3326 Gorgonum
1402 3240 1641 3309 tristem
1665 3243 2175 3308 lamentationem
2197 3250 2538 3307 contexens
2565 3262 2766 3330 (con-

287 3369 296 3388 =
405 3361 520 3409 Ant.
540 3366 619 3412 15.
643 3349 927 3426 cinnanS,
956 3344 1220 3416 imitata)
1257 3345 1546 3410 Minerva
1569 3384 1659 3395 ——
1687 3368 1878 3431 quam
1899 3369 1935 3412 e
1969 3347 2260 3432 virgineis
2281 3344 2768 3435 inaccessisque

640 3458 997 3536 serpentum
1042 3448 1345 3534 capitibus
1393 3447 1626 3513 audivit
1672 3451 1874 3515 fusam
1919 3452 2204 3515 luctuosa
2233 3471 2382 3514 cum
2414 3471 2763 3536 aerumna3

639 3574 837 3639 quum
870 3549 1126 3617 Perseus
1159 3550 1403 3616 tertiam
1430 3552 1842 3617 interfecisset
1867 3574 2172 3633 sororum,
2193 3553 2449 3620 marinae
2466 3552 2767 3640 Seripho

596 3689 605 3698 ’
638 3655 983 3739 incolisque
1022 3655 1291 3720 exitium
1322 3656 1510 3719 fatale
1539 3656 1825 3737 afferens,
1850 3656 2069 3741 utique
2099 3664 2163 3720 et
2191 3656 2477 3723 divinum
2510 3653 2770 3725 Phorci

637 3758 976 3825 excaecavit
1019 3780 1218 3844 genus
1248 3768 1314 3824 et
1344 3757 1697 3823 convivium
1738 3757 2090 3845 Polydectae
2120 3758 2383 3826 reddidit
2412 3762 2772 3831 funestum

636 3862 970 3947 matrisque
1013 3862 1265 3947 longam
1305 3861 1666 3925 servitutem
1710 3871 2121 3946 coactumque
2152 3861 2293 3949 conj
2305 3862 2547 3948 ugium,
2579 3861 2760 3950 pul-

419 3969 525 4021 ⁸¹?-
550 3979 602 4025 2·
631 3969 908 4034 cerrimae
954 3974 1147 4050 caput
1188 3984 1384 4048 quum
1408 3963 1778 4029 abstulisset
1808 3964 2097 4032 Medusa
2126 4004 2218 4017 -—
2245 3964 2411 4030 filius
2439 3965 2784 4067 Danaes-3

498 4038 576 4087 ²⁹
632 4094 819 4158 quem
871 4088 950 4132 ex
996 4088 1147 4131 auro
1192 4068 1360 4130 fama
1406 4075 1501 4130 est
1529 4075 1781 4153 sponte·
1787 4069 2044 4153 pluente
2093 4076 2312 4138 natum
2365 4089 2524 4134 esse.
2616 4068 2794 4142 Sed

628 4186 955 4260 postquam
985 4193 1072 4236 ex
1106 4171 1205 4236 his
1235 4191 1445 4236 carum
1476 4170 1593 4235 sibi
1622 4171 1822 4236 virum
1855 4173 2167 4239 laboribus
2191 4182 2535 4238 servaverat
2564 4171 2790 4262 virago

567 4325 585 4340 .
631 4276 993 4359 (Minerva),
1025 4273 1317 4340 tibiarum
1350 4276 1555 4339 effecit
1575 4273 1976 4339 omnisonum
2006 4287 2289 4355 cantum,
2322 4279 2395 4339 ut
2427 4274 2776 4362 Euryalae

620 4398 697 4440 cx
726 4377 1046 4463 rapacibus
1095 4377 1273 4465 genis
1303 4376 1600 4442 emissum
1637 4377 2057 4444 instrumento
2090 4379 2241 4466 (hoc
2271 4376 2546 4459 musico)
2586 4379 2779 4446 imi-
