2925 5150
329 1119 421 1184 Ep.
458 1123 534 1175 17.

564 524 648 600 26
1285 524 1301 531 “
1382 494 1942 604 ’·οι,ΥΜΡῙΑ.

563 686 1000 795 superveniens
1028 696 1401 792 protractum
1453 700 1700 795 tempus
1747 706 1946 793 gravis
1992 704 2208 783 delicti
2245 703 2480 789 pudore
2503 723 2642 769 ·me
2693 792 2704 799 κ

563 808 866 888 suffudit3
912 817 1334 875 verumtamen
1363 811 1596 875 diluere
1625 818 1827 896 potest
1855 829 2058 874 aerem
2088 802 2411 871 homiuum
2431 825 2644 891 repre-
2707 799 2716 805 ’

561 898 928 976 hensionem
978 909 1180 977 usura.
1268 912 1465 995 Nune
1522 910 1839 977 caleulum
1873 908 2230 975 ‘volutatum
2277 929 2402 995 quo
2445 907 2640 972 undae

561 1014 880 1097 provolvet
907 1013 1174 1078 fluctus?
1222 1023 1286 1077 et
1309 1034 1433 1097 quo
1456 1014 1846 1096 (deductum)
1875 1034 1992 1077 nos
2019 1032 2417 1077 communem
2442 1008 2639 1093 (urbi)

562 1114 866 1199 hymnum
890 1113 1238 1200 jucundam
1270 1116 1345 1179 ad
1378 1117 1637 1200 gratiam
1686 1116 2145 1201 persolvemus?
2191 1150 2283 1163 --
2310 1113 2650 1177 Gubernat

559 1219 780 1304 utique
807 1218 1050 1281 Veritas
1080 1219 1296 1282 urbem
1326 1219 1672 1284 Locrorum
1693 1218 2182 1303 Zephyriorum3
2227 1212 2518 1300 euraeque
2539 1212 2646 1277 'est

557 1320 680 1385 illis
711 1318 991 1404 Calliope
1020 1327 1084 1382 et
1111 1338 1322 1385 aeneus
1355 1321 1549 1385 Mars·
1608 1321 1873 1405 Fugavit
1904 1328 2110 1383 autern
2145 1318 2396 1402 Cycnea
2417 1336 2644 1408 pugna

558 1406 747 1487 et'iam
771 1414 1111 1485 violentum
1141 1420 1508 1487 Herculem.
1598 1422 1818 1505 Pugil
1811 1443 1959 1487 vero
1979 1421 2046 1484 in
2077 1419 2413 1505 Olympico
2432 1426 2636 1483 certa-

558 1523 729 1587 mine
757 1521 950 1585 victor
976 1524 1091 1588 11ae
1121 1532 1451 1608 acceptum
1483 1527 1639 1587 ferat
1667 1522 2103 1606 AgesidamuS,
2133 1530 2210 1586 nt
2238 1521 2487 1585 Achilli
2506 1518 2635 1582 Pa-

554 1625 806 1688 troclus..
894 1626 1149 1689 Acuens
1173 1628 1383 1690 autem
1416 1625 1494 1688 ad
1522 1626 1809 1688 virtutem
1835 1623 2057 1711 aliquis
2079 1630 2250 1702 eum,
2274 1623 2384 1707 qui
2415 1622 2643 1686 natura

554 1729 631 1792 ad
655 1748 785 1793 rem
811 1718 1011 1793 factus
1041 1737 1155 1805 est,
1176 1728 1300 1792 ad
1281 1748 1505 1811 ingens
1529 1727 1747 1790 evebet
1775 1727 2097 1810 (victoriae)
2123 1727 2340 1805 decus,
2355 1723 2455 1789 dei
2475 1745 2636 1788 cum

432 1856 443 1867 ·
482 1828 528 1868 ⁹·
555 1832 807 1896 auxilio.
849 1868 939 1882 —-
966 1831 1055 1893 At
1083 1830 1383 1914 gaudium
1416 1828 1724 1933 (victoria)
1758 1832 1892 1895 sine
1923 1831 2129 1894 labore
2145 1827 2634 1912 contingerem-

554 1935 638 1996 let
667 1934 883 2018 paucis
904 1955 919 1994 t
966 1939 1274 1997 certamen
1293 1912 1664 1996 laboriosum
1681 1954 1811 2017 prae
1809 1934 2118 1997 omnibus
2134 1934 2229 1997 e'st
2249 1930 2398 1995 vitm
2413 1929 2640 1993 decus·

553 2034 879 2100 Certamen
913 2045 1117 2100 autem
1142 2024 1442 2100 εὶιίιιιίιιιῃ
1468 2056 1684 2100 canere
1704 2057 1805 2101 me
1811 2034 2041 2123 jubent
2061 2033 2399 2099 Themides
2446 2030 2634 2096 Jovis

551 2134 719 2216 filiae,
750 2139 916 2225 quod
946 2132 1271 2224 antiquum
1294 2138 1481 2225 juxta
1510 2140 1863 2223 sepulcrum
1899 2137 2184 2222 Pelopis
2174 2137 2265 2201 vis
2312 2135 2634 2200 Herculea
2715 2206 2722 2215 .

548 2224 839 2320 instituit,
859 2233 1597 2326 postquam'Neptunium
1620 2240 2004 2305 interfecerat
2021 2238 2311 2304 Cteatum
2331 2240 2635 2322 praestan-

513 2352 697 2423 -tem,
727 2382 820 2394 --
846 2343 1197 2427 occiditque
1222 2341 1557 2426 Eurytum,
1588 2353 1661 2407 ut
1691 2363 1893 2428 operm
1921 2343 2237 2429 praestitae
2279 2343 2357 2405 ab
2409 2341 2636 2426 Augen.

551 2446 844 2524 violeum,
877 2447 954 2507 ab
982 2445 1180 2508 invito
1227 2446 1358 2529 ipse
1411 2445 1716 2528 flagitans»,
1772 2440 2118 2510 mei-eedem
2166 2444 2459 2528 exigeret.
2546 2443 2632 2508 ln
2749 2438 2758 2447 ’

546 2534 789 2611 frutetis
807 2559 1019 2611 autem
1038 2546 1357 2613 insidiatus
1379 2547 1498 2612 sub
1520 2545 1792 2628 Cleonis,
1809 2549 2109 2634 oppressit
2131 2557 2194 2612 et
2218 2547 2353 2612 illos
2374 2546 2629 2611 Hercu-

544 2652 633 2713 les
663 2651 729 2713 in
753 2652 880 2748 ria,
942 2650 1232 2736 quoniam
1294 2660 1478 2715 antea
1495 2661 1503 2671 ‘
1519 2650 1853 2736 aliquando
1898 2651 2295 2736 Tirynthium
2335 2651 2636 2736 profliga-

396 2793 405 2805 .
441 2777 468 2803 o
504 2796 519 2811 .
547 2753 761 2818 iterant
780 2753 897 2839 ipsi
924 2752 1260 2818 exercitum
1280 2754 1346 2818 in
1363 2753 1706 2819 recessibus
1729 2755 2069 2820 hoerentem
2091 2753 2289 2817 Elidis
2316 2791 2399 2804 -
2428 2752 2635 2816 Moli-

477 2832 752 2920 ³·onidae
780 2854 1282 2941 arrogantissimi.
1370 2856 1569 2942 Atqui
1597 2856 2016 2943 in‘hospitem'
2056 2855 2476 2944 fraudulentus
2520 2852 2628 2917 E-

545 2980 803 3043 peorum
830 2980 938 3023 rex
966 2981 1091 3023 non
1146 2961 1345 3024 multo
1389 2969 1532 3044 post
1574 2960 1725 3023 vidit
1776 2949 2036 3045 patriam
2082 2957 2352 3034 divitem,
2400 2955 2626 3022 urbem

543 3083 745 3140 suam,
776 3062 974 3125 valido
1004 3061 1133 3145 igni
1164 3062 1508 3144 ictibusque
1531 3060 1673 3125 ferri
1709 3053 2061 3144 (vastatam)
2121 3060 2187 3124 in
2244 3058 2622 3145 profundum

546 3163 915 3230 calamitatis
945 3149 1253 3245 gurgitem
1302 3162 1675 3245 depressam.
1755 3165 1928 3229 Iram
1979 3163 2146 3226 enim
2203 3162 2624 3249 potentiorum

546 3262 783 3326 amoliri
813 3263 1081 3326 difficile.
1171 3261 1381 3333 Etiam
1404 3261 1520 3328 ille
1550 3265 1912 3344 temeritate,
1944 3277 2290 3350 postremus
2321 3273 2460 3349 post
2505 3285 2626 3328 ex-

452 3363 487 3434 ζ
545 3364 993 3448 pugnationem
1025 3364 1269 3429 obviam
1295 3367 1521 3445 factus»,
1562 3378 1820 3431 mortem
1853 3389 2098 3451 gravem
2134 3390 2262 3432 non
2281 3368 2628 3452 effugit.—

332 3896 523 3952 Anna

406 3966 505 4013 59.

505 3493 518 3506 ·
550 3465 681 3531 Hic
704 3487 844 3530 vero
873 3466 950 3530 ad
985 3449 1189 3531 Pisam
1221 3489 1413 3552 quum
1445 3457 1754 3554 coegisset
1783 3480 2065 3553 totasque
2082 3471 2290 3556 copias
2313 3469 2624 3555 praedam-

544 3590 667 3653 que
695 3590 971 3650 omnem,
1000 3570 1181 3652 Jovis
1209 3572 1379 3644 fortis
1426 3572 1592 3638 filius
1637 3575 2074 3644 dimetiebatur
2118 3594 2361 3658 sacrum
2407 3575 2621 3637 locum

546 3670 715 3735 Patri
745 3674 1063 3753 maximO,
1044 3697 1060 3713 ·
1108 3685 1405 3759 septoque
1434 3677 1599 3738 facto
1628 3677 1838 3741 Altin
1820 3699 1884 3740 m
1905 3674 2136 3760 patenti
2155 3676 2296 3739 loco
2319 3674 2576 3739 secrevit
2596 3696 2621 3738 z

546 3773 854 3838 inclusum
883 3785 1094 3840 autem
1128 3798 1419 3862 campum
1448 3778 1778 3842 constituit
1807 3778 2127 3861 epularum
2179 3777 2624 3856 deversorium,

546 3876 854 3950 honorans
887 3877 1084 3960 (sacro
1132 3880 1324 3974 facto)
1386 3880 1643 3956 fluvium
1694 3880 1915 3965 Alphei
1966 3917 2051 3930 -
2099 3902 2244 3945 cum
2289 3878 2624 3951 duodecim

548 3977 789 4062 magnis
818 3976 956 4058 diis»,
991 3987 1053 4042 et
1082 3981 1302 4043 collem
1336 3968 1695 4044 Saturnium
1731 3981 2104 4070 adpellavit.
2125 3972 2371 4046 A'ntea
2420 3981 2619 4060 enim,

544 4099 734 4166 quum
760 4079 1119 4144 OEnomaus
1136 4079 1194 4144 ei
1213 4080 1573 4168 imperabat,
1595 4083 1880 4167 ignobilis
1903 4085 2215 4169 rigabatur
2233 4083 2427 4147 multa
2450 4083 2623 4148 nive.

424 4184 428 4189 ’
544 4181 689 4248 Hac
717 4203 856 4248 vero
887 4182 948 4246 in
981 4181 1180 4268 prima
1198 4184 1551 4248 celebritate
1570 4187 1785 4270 utique
1806 4183 2056 4269 quidem
2076 4207 2262 4270 prope
2283 4183 2622 4250 adfuerunt

348 4286 423 4347 Es
463 4293 514 4340 3

394 4359 482 4414 0⁷.

544 4283 775 4366 Parcae,
806 4287 1095 4374 quodque
1126 4287 1327 4371 arguit
1354 4289 1555 4352 solum
1574 4291 1892 4354 veritatem
1910 4299 2163 4369 certam,
2197 4327 2287 4339 ——
2279 4283 2368 4352 T
2369 4311 2616 4376 empus

547 4386 693 4461 Hoc
724 4411 884 4470 vern,
923 4391 1085 4476 (etsi)
1122 4390 1478 4476 longissime
1531 4413 1945 4477 progressum,
1998 4393 2288 4474 declarat,
2336 4391 2612 4474 (memo-
