2925 5150
836 445 1297 516 CARMEN
1335 440 1452 514 lv,
2181 446 2266 533 ss

194 615 270 690 sit
297 631 589 690 nostrum
639 622 891 705 utrique
933 620 1183 706 Jupiter
1228 617 1533 702 genitalis.
1615 613 1691 685 ln
1719 622 1967 699 pactum
1996 617 2120 683 hoe
2150 615 2262 689 ubi

188 726 652 801 convenissent,
682 722 1117 786 discesserunt.
1201 721 1293 784 At
1320 718 1513 784 ,lason
1542 718 1672 803 ipse
1693 714 1825 803 jam
1850 756 1938 773 --
1963 719 2260 785 incitabat
2285 730 2401 784 Ant.
2424 738 2474 787 8.

174 845 501 909 praecones
536 826 879 888 instantem
929 818 1387 905 navigationem
1427 829 1498 887 ut
1526 819 1961 885 denunciarent
2002 823 2256 907 ubique.
2309 798 2425 848 ³⁰²·

173 917 408 990 Statim
443 945 588 989 vero
635 919 911 985 saturnii
937 918 1115 984 Jovis
1149 919 1255 1011 filii
1291 931 1410 984 tres
1436 921 2257 1006 nigrisque-superciliis.01.

166 1035 337 1090 natae
355 1027 691 1089 Alcmenae
706 1021 1021 1105 Ledaeque
1036 1019 1276 1084 invicti-
1284 1029 1658 1105 pugnatores
1677 1033 2002 1105 venerunt,
2018 1023 2261 1108 duoque

138 1127 557 1193 alte-comati
581 1125 714 1205 viri,
733 1122 1021 1210 Neptuni
1046 1123 1312 1203 soboles,
1339 1122 1585 1188 reveriti
1613 1122 1923 1208 (Jasonis)
1947 1127 2264 1207 virtutem,

166 1250 317 1315 eque
374 1229 533 1314 Pylo
578 1238 644 1293 et
686 1249 723 1292 a
766 1227 1190 1314 promontorio
1252 1223 1526 1291 Taenaro
1543 1248 1565 1304 ς
1625 1248 1912 1310 quornm,
1937 1228 2259 1315 Euphemi

174 1331 417 1417 quidem
447 1339 707 1416 tuaque,
737 1352 778 1394 o
803 1328 1224 1414 Periclymene
1240 1325 1598 1408 fortissime,
1614 1328 1811 1413 gloria
1825 1330 2090 1415 insignis
2108 1331 2256 1413 (hac

168 1432 573 1519 expeditione)
620 1430 859 1495 reddita
901 1438 1018 1495 est.
1105 1429 1398 1513 Apolline
1444 1448 1588 1492 vero
1634 1436 1841 1510 natus,
1870 1428 2254 1497 citharoedus

166 1536 500 1601 carminum
532 1541 733 1619 pater,
765 1531 1028 1597 accessit
1053 1531 1343 1597 laudibus
1368 1531 1571 1595 clarus
1598 1531 1910 1618 Orpheus.
1939 1571 2028 1583 —-
2056 1533 2246 1598 Misit
2274 1528 2494 1599 Emi-8·

160 1658 336 1723 porro
369 1635 718 1702 Mercurius
762 1633 1571 1718 auream-virgam-gestans
1597 1633 1753 1698 duos
1781 1634 1939 1709 filios
1968 1633 2042 1699 ad
2073 1634 2241 1700 diffi-
2310 1602 2434 1653 ³¹6‘

162 1740 343 1804 cilem
385 1739 677 1818 laborem,
728 1756 928 1801 unum
978 1734 1357 1816 Echionem,
1394 1734 1679 1822 juvente
1730 1736 1939 1821 vigore
1987 1739 2231 1824 plenos,

157 1841 418 1905 alterum
445 1838 752 1924 Erytum3
797 1837 1012 1903 statim
1056 1846 1292 1918 autem,
1321 1837 1399 1902 ad
1428 1836 1686 1923 Pangaei
1731 1838 1962 1904 montis
1988 1839 2236 1907 radices

145 1941 508 2022 habitantes,
528 1951 838 2006 venerunt.
885 1939 1178 2006 Promtus
1199 1942 1384 2006 etiam
1404 1940 1616 2007 animo
1632 1936 1872 2007 lubenti
1893 1944 2022 2008 cito
2040 1964 2240 2009 arma·

148 2041 231 2106 vit
244 2042 442 2116 Zeten
462 2043 798 2129 Calainque
814 2066 925 2110 rex
942 2052 1290 2125 ventorum,
1299 2052 1473 2128 pater
1489 2043 1747 2126 Boreas,
1755 2044 1915 2109 viros
1926 2048 2110 2111 ambo
2126 2045 2239 2112 alis

147 2150 311 2228 terga
351 2146 668 2211 horrentes
714 2145 1062 2232 purpureis.
1150 2145 1376 2210 Hocce
1409 2145 1486 2209 ad
1529 2143 2241 2212 inflectendos-animos·

143 2253 350 2327 potens
379 2244 658 2310 dulce-in
699 2244 1014 2311 Semideis
1031 2243 1398 2310 desiderium
1431 2242 1719 2308 accendit
1745 2240 1790 2309 J
1795 2264 1922 2310 uno
1950 2281 2041 2293 —
2069 2243 2240 2309 navis
2263 2257 2354 2307 sn.
2377 2263 2429 2313 9.

149 2345 378 2431 Argus:
422 2368 502 2412 ne
526 2346 668 2433 quis
690 2348 944 2414 relictus
959 2346 1375 2434 periculorum
1394 2356 1738 2434 expertem,
1780 2347 1950 2434 apud
1973 2355 2233 2415 matrem
2293 2326 2409 2374 ³²⁹·

151 2458 429 2531 maneret,
456 2451 647 2516 vitam
675 2452 929 2531 fovens3
961 2451 1071 2515 sed
1099 2459 1173 2515 ut
1204 2452 1304 2515 vel
1335 2452 1549 2516 mortis
1579 2472 1725 2517 cum
1745 2451 2019 2538 periculo
2035 2473 2222 2517 orna·

158 2559 422 2617 mentum
462 2553 909 2639 pulcerrimum
964 2553 1209 2620 virtutis
1251 2575 1384 2646 suae
1416 2553 1758 2641 aequalibus
1805 2565 2232 2642 assequeretur

155 2659 299 2718 cum
324 2653 468 2718 aliis.
550 2654 628 2719 In
672 2653 916 2720 Iolcum
962 2677 1107 2721 vero
1148 2665 1478 2743 postquam
1522 2657 1844 2723 descendit
1867 2659 2222 2724 'nautarum
2323 2655 2328 2658 ’

162 2751 312 2818 flosz
353 2755 648 2821 recensuit
673 2779 913 2838 omnes,
937 2766 1266 2843 postquam
1295 2755 1628 2839 laudasset,
1656 2757 1871 2826 Jason.
1959 2751 2228 2824 Et'vero

165 2863 322 2919 vates
346 2877 421 2920 ex
448 2859 712 2941 auguriis
758 2860 1153 2943 sortibusque
1195 2858 1536 2922 vaticinans
1578 2861 1762 2948 sacris
1789 2861 2078 2944 Mopsus,
2107 2883 2227 2924 na-

155 2977 285 3024 vem
315 2962 728 3028 conscendere
747 2959 940 3068 jussit
968 2960 1314 3026 exercitum
1360 2967 1644 3043 promtus
1692 2963 1981 3044 (auguria
2023 2964 2230 3028 fausta

154 3063 474 3146 nuntians).
578 3064 917 3150 Postquam
949 3073 1159 3130 autem
1191 3084 1227 3127 e
1255 3051 1451 3127 rostro
1479 3063 1743 3148 desuper
1782 3064 2230 3149 suspenderant

154 3182 410 3231 ancoras:
454 3208 555 3219 —
589 3189 839 3234 auream
861 3167 1146 3233 manibus
1163 3164 1414 3252 capiens
1434 3166 1710 3252 phialam
1737 3165 1887 3248 dux,
1911 3167 1976 3236 in
1999 3170 2221 3257 puppi,
2250 3188 2365 3239 Aut.
2385 3194 2440 3244 9.

154 3273 361 3347 pubem
402 3268 741 3348 Coelitum,
769 3271 1237 3335 fulminatorem
1277 3265 1533 3349 Jovem,
1569 3277 1632 3332 et
1659 3270 1884 3333 celeres
1913 3271 2222 3340 fluctuum
2279 3258 2396 3307 ³⁴³·

158 3375 573 3459 ventorumque
611 3381 824 3437 motus
848 3373 1212 3457 precabatur
1232 3380 1298 3435 et
1318 3380 1559 3449 noctes,
1582 3378 1647 3434 et
1667 3370 1849 3436 maris
1880 3371 2028 3453 vias,
2057 3374 2223 3440 dies-

150 3488 255 3550 que
276 3472 468 3539 felicae
497 3484 566 3539 et
594 3475 944 3561 optabilem
977 3470 1211 3539 reditus
1240 3475 1581 3537 fortunam.
1670 3471 1730 3536 E
1765 3473 2036 3570 nubibus
2079 3500 2223 3545 vero

157 3570 209 3634 ei
228 3577 527 3661 respondit
584 3579 830 3643 tonitru
859 3579 1061 3646 fausta
1088 3598 1248 3656 vox;
1294 3574 1716 3661 splendidique
1745 3589 2046 3645 venerunt
2073 3584 2230 3657 radii

155 3693 229 3736 ex
250 3677 479 3762 fulgure
506 3690 938 3766 erumpentes.
1023 3679 1324 3743 Animum
1357 3687 1568 3743 autem
1595 3677 1808 3745 heroes
1849 3695 2224 3770 receperunt

152 3773 236 3839 dei
276 3781 569 3867 prodigiis
621 3781 866 3847 confisi.
907 3820 998 3832 —-
1038 3779 1082 3846 J
1089 3780 1241 3845 ussit
1284 3801 1427 3844 vero
1480 3801 1584 3844 eos
1631 3780 1989 3850 incumbere
2032 3790 2221 3854 remis
2246 3810 2472 3875 39⁰⁶·9·

146 3879 544 3964 prodigiorum
576 3886 975 3969 speculator,
1017 3883 1230 3949 dulces
1277 3880 1559 3947 indicans
1602 3903 1774 3968 spes.¹
1860 3886 2217 3971 Remigatio
2263 3879 2380 3928 ³⁵⁷·

150 3977 316 4062 igitur
342 4005 710 4069 asperarum
743 4005 1048 4050 manuum
1075 3986 1281 4049 labore
1309 3984 1619 4049 indefessa
1646 3988 1944 4050 successit
1959 4010 1981 4066 3
2027 3983 2218 4052 Noti-

151 4099 249 4163 que
275 4086 524 4152 flatibus
557 4087 645 4152 ad
676 4086 867 4151 Ponti
913 4085 1106 4153 Axini
1151 4089 1381 4167 ostium
1427 4087 1553 4152 acti
1595 4097 1896 4152 venerunt
1913 4112 1933 4166 3
1980 4088 2089 4151 ubi
2118 4111 2220 4153 sa-

149 4205 296 4252 crum
324 4190 649 4276 Neptuno
680 4189 922 4255 marino
953 4191 1406 4258 constituerunt
1446 4191 1818 4255 delubrum=
1863 4189 2072 4251 fulvus
2102 4209 2218 4256 au-

151 4295 251 4353 tem
267 4288 693 4360 Thraciorum
714 4302 1026 4360 taurorum
1054 4317 1199 4380 grex
1222 4294 1465 4361 aderat:
1503 4291 1898 4373 divinamque
1911 4287 2217 4370 lapideam
2343 4305 2368 4334 0

294 4412 443 4462 vol..
490 4415 571 4461 11.
760 4413 771 4420 “
1191 4416 1234 4459 G
