2925 5150
546 500 555 504 ’
662 508 748 572 54
1016 494 1029 516 “
1469 488 1963 560 ,PYTH1A.

660 674 817 740 libet
860 672 1239 738 carissimum
1279 669 1399 735 sibi
1438 670 1732 735 maritum
1777 666 2042 751 virgines
2070 675 2177 731 aut
2208 664 2407 732 filium
2435 668 2737 752 optalnnt

473 787 566 836 Str·
589 787 636 835 ⁵·
663 788 751 862 te,
774 799 816 844 o
841 752 1263 855 Telesicrates,
1307 774 1475 855 (sibi)
1522 795 1691 853 oese3
1750 810 1841 823 -·
1888 774 1955 837 in
1999 772 2346 857 Olympicis
2389 790 2635 856 quoque
2668 776 2733 833 et

494 857 607 904 ¹⁷⁷·
660 878 1268 965 profunde-sinuosae
1295 876 1508 942 Terrae
1539 874 1977 941 certaminibus
2005 873 2194 959 inque
2219 873 2514 938 omnibus
2541 871 2734 937 etiam

660 983 1014 1049 domesticis
1069 981 1415 1073 (Libycis).x
1487 978 1827 1044 Enimvero
1875 986 2043 1059 sunt,
2083 977 2191 1063 qui
2234 999 2271 1042 a
2316 999 2442 1057 me,
2473 975 2588 1062 qui
2629 973 2734 1039 siti

657 1086 1005 1152 carminum
1033 1085 1305 1165 medeor,
1333 1082 1587 1166 exigant
1615 1104 1848 1148 munus
1876 1080 2221 1147 carminum
2266 1080 2492 1161 denuo,
2522 1088 2598 1144 ut
2619 1099 2733 1142 ex-

657 1190 845 1256 citem
896 1190 1217 1274 antiquam
1271 1188 1459 1253 etiam
1508 1185 1810 1273 majorum
1859 1207 2114 1251 suorum
2159 1183 2418 1268 gloriam
2441 1209 2461 1248 ε
2522 1183 2734 1267 quales
2759 1260 2767 1275 ι

656 1292 957 1375 Libycam
986 1293 1067 1356 ob
1089 1290 1387 1356 feminam
1413 1290 1674 1376 profecti
1704 1298 1849 1354 sunt
1873 1288 2104 1353 {rasam
2134 1288 2213 1352 ad
2251 1288 2466 1351 urbem
2495 1284 2735 1362 Antaei,

660 1393 739 1458 ad
764 1395 1217 1478 pulcricomam
1245 1390 1418 1478 proci
1445 1391 1901 1457 celeberrimam
1940 1392 2250 1476 puellam3
2295 1410 2478 1475 quam
2508 1386 2736 1451 admo-

662 1495 813 1559 dum
842 1494 1023 1559 multi
1070 1495 1399 1580 optimates
1425 1494 1695 1559 virorum
1737 1494 2084 1559 ambierunt
2125 1492 2397 1578 cognati,
2426 1489 2738 1574 multique

441 1601 633 1717 Aug-2⁵·
660 1597 1119 1684 peregrinorum
1130 1620 1154 1679 ς
1221 1618 1365 1662 nam
1418 1596 1793 1662 admirabilis
1819 1672 1823 1681 ι
1846 1598 2043 1662 forma
2068 1636 2160 1649 —-
2202 1602 2368 1661 erat:
2432 1596 2736 1677 auroque-

489 1676 512 1717 ¹
585 1697 601 1713 ⁶
659 1710 969 1767 coronatae
986 1701 1324 1787 pubertatis
1345 1701 1619 1766 fructum
1646 1701 2070 1766 florescentem
2088 1702 2409 1786 decerpere
2424 1698 2739 1762 volebant.

659 1804 845 1869 Pater
887 1812 1096 1869 autem
1146 1803 1291 1868 filiae
1337 1824 1558 1890 parans
1616 1804 1913 1869 illustrius
1966 1802 2351 1891 conjugium,
2397 1802 2737 1878 audiverat,
2805 1832 2824 1849 -

654 1906 917 1972 Danaus
958 1906 1267 1990 quondam
1314 1906 1501 1991 Argis
1545 1906 1755 1991 quales
1785 1915 2009 1971 nactus
2037 1916 2199 1972 esset
2225 1905 2629 1991 quadraginta
2670 1913 2740 1967 et

655 2019 800 2074 octo
828 2007 1187 2094 virginibus,
1205 2016 1537 2093 antequam
1557 2009 1798 2073 medius
1814 2009 1945 2073 dies
1969 2009 2295 2090 illuxisset,
2318 2007 2738 2072 velocissimae.

656 2111 927 2196 nuptias.
1013 2112 1237 2175 Statim
1284 2110 1454 2175 enim
1495 2111 1897 2176 collocaverat
1925 2115 2280 2178 universum
2330 2112 2734 2198 (puellarum)

518 2264 521 2271 .
564 2298 567 2305 Ι
655 2213 913 2279 chorum
945 2213 1022 2277 ad
1054 2224 1249 2278 metas
1279 2213 1657 2293 certaminis,
1688 2213 2248 2299 certaminibusque
2275 2213 2503 2298 pedum
2524 2212 2737 2299 jusse-

657 2326 752 2382 rat
779 2318 1106 2382 decernere
1136 2316 1372 2396 beroes,
1418 2320 1608 2402 quam
1652 2316 1972 2381 habiturus
2014 2324 2176 2381 esset
2201 2315 2464 2402 quisque
2491 2339 2738 2396 eorum,

457 2434 553 2505 ΕΡ,
587 2444 635 2494 5.
662 2427 966 2504 quotquot
993 2419 1201 2503 generi
1243 2419 1437 2483 futuri
1466 2418 1546 2482 ad
1572 2438 1674 2481 eas
1702 2408 2102 2495 accesserant.
2146 2457 2237 2471 -
2278 2419 2573 2485 Similiter
2593 2416 2743 2504 'ig-i·

485 2514 603 2560 ²⁰⁷·
658 2510 769 2588 'tur
795 2520 986 2604 Libys
1005 2518 1280 2606 jungens
1307 2519 1494 2586 dabat
1537 2519 1684 2586 filiae
1726 2541 2046 2609 sponsum.
2134 2523 2235 2588 Ad
2264 2523 2488 2589 lineam
2532 2522 2742 2609 ipsam

660 2633 941 2690 ornatam
988 2644 1126 2688 eam
1174 2623 1520 2705 constituit,
1562 2625 1703 2690 finis
1727 2636 1801 2691 ut
1829 2637 1989 2692 esset
2023 2628 2357 2711 (laborum)
2401 2637 2742 2693 extremus.

652 2726 959 2810 Dixitque
988 2725 1053 2789 in
1084 2725 1314 2806 medio,
1343 2727 1752 2793 abducturum
1802 2749 1963 2808 eam,
1988 2730 2091 2813 qui
2132 2731 2370 2816 primus
2413 2730 2744 2815 prosiliens

655 2829 791 2916 ejus
819 2827 1120 2913 attigisset
1148 2827 1437 2894 amictus.
1482 2830 1651 2896 Tum
1695 2831 2122 2912 Alexidamus,
2150 2840 2480 2918 postquam
2513 2827 2743 2899 emen-

656 2955 762 2998 sus
778 2942 873 2996 est
888 2930 1169 3016 rapidum
1190 2952 1464 3012 cursum,
1482 2933 1787 3017 virginem
1812 2932 2241 3012 venerandam,
2260 2953 2445 2996 manu
2468 2954 2745 3004 manum

656 3033 791 3120 ejus
819 3034 1313 3118 apprehendens»,
1342 3034 1521 3099 duxit
1548 3033 1927 3117 equestrium
1947 3033 2303 3104 Nomadum
2326 3055 2438 3119 per
2455 3056 2691 3121 agmen
2718 3064 2744 3119 3

659 3135 1134 3219 multa(que)‚in
1164 3137 1367 3220 ipsum
1398 3135 1490 3199 illi
1518 3133 1925 3221 projiciebant
1968 3136 2143 3200 flores
2171 3144 2234 3200 et
2261 3145 2457 3205 serta:
2505 3142 2748 3208 multas

660 3234 949 3321 verojam
978 3245 1162 3300 autea
1189 3238 1313 3301 alas
1343 3249 1665 3324 acceperat
1695 3238 2102 3312 victoriarum.

1456 3643 1776 3721 PYTH.
1834 3645 1932 3723 X.

848 3825 946 3911 H
983 3787 1710 3916 [pponam
1771 3829 2053 3917 THE
2086 3834 2558 3931 ssALO,

1267 4051 1610 4114 DIAULI
1673 4053 2119 4120 CURSORI.

456 4278 555 4328 st„
584 4287 628 4329 ¹·
664 4219 922 4321 Fnux,
952 4266 992 4305 o
1020 4238 1432 4308 Lacedaemon
1463 4243 1479 4307 l
1527 4265 1567 4308 o
1594 4244 1774 4310 beata
1810 4244 2168 4314 Thessalia!
2215 4247 2292 4313 In
2323 4259 2585 4334 utroque
2622 4274 2765 4320 uno

596 4423 607 4434 κ
663 4368 741 4410 ex
770 4358 938 4433 patre
954 4345 1381 4411 Aristomacho
1403 4346 1694 4414 Herculis
1724 4352 2046 4434 progenies
2063 4352 2347 4439 imperat.
2406 4352 2632 4422 Quid?
2673 4379 2766 4424 an
