2925 5150
923 522 1385 593 CARMEN
1426 526 1603 592 vlu.
2203 530 2281 591 15

220 696 288 754 et
316 693 490 776 apud
515 693 711 771 cives,
743 702 808 756 et
833 695 997 778 apud
1024 698 1395 781 peregrinos,
1423 696 1705 782 quonlam
1721 693 2281 761 *inimica-insolen-

219 793 332 858 tiae
364 796 474 859 via
503 806 681 859 recta
708 796 969 872 incedit;
1015 803 1199 883 probe
1228 786 1617 884 sciens,'quae
1647 818 1788 861 eum
1817 808 1980 861 recta
2002 819 2077 861 ex
2103 798 2282 861 bonis

215 897 518 978 patribus
551 919 728 962 mens
758 909 986 962 monet.
1074 899 1224 964 Noli
1254 903 1575 965 obscurare
1605 918 1996 964 communem
2036 900 2279 984 stirpem

214 994 661 1078 Callianactis,
682 999 1184 1084 Eratidarumque
1200 1002 1442 1065 decora.
1512 1000 1790 1064 Celebrat
1812 998 2110 1083 (quidem)
2131 1001 2288 1062 festa

208 1096 519 1159 convivia
546 1098 731 1160 etiam
765 1097 991 1163 civitas.
1080 1097 1239 1163 Uno·
1256 1108 1468 1163 tamen
1501 1108 1816 1162 momento
1832 1095 2126 1180 temporis·
2144 1095 2288 1158 alias

207 1194 357 1260 aliae
396 1198 707 1281 ing-ruunt
730 1220 915 1265 aurae.

936 1627 1583 1703 OLYMP.v111.

641 1809 1887 1904 ALCIMEDONTL

780 2032 905 2094 PU
920 2033 1101 2091 ERo
1164 2031 1733 2093 LUCTATORI.

224 2198 289 2263 Ο
316 2221 549 2267 rsa-run
568 2206 769 2269 aureis
793 2207 1030 2273 coronis
1045 2207 1379 2291 insignium
1399 2208 1806 2273 certaminum
1829 2205 2135 2290 Olympia,
2161 2204 2272 2268 do·-
2300 2222 2394 2272 stt.
2423 2231 2477 2276 ι.

218 2303 401 2368 mina
426 2306 721 2386 veritatis,
754 2309 858 2373 ubi
889 2319 1055 2374 vates
1084 2309 1348 2375 incensis
1378 2311 1644 2375 victimis
1673 2321 2040 2394 augurantes
2064 2310 2273 2393 explo-

224 2417 359 2471 rant
384 2408 611 2475 Jovem
644 2414 932 2476 velociter
957 2413 1418 2494 fulminantem,
1450 2435 1604 2477 num
1637 2434 1821 2498 quam
1855 2414 2073 2476 habeat
2128 2411 2274 2474 rati-

224 2530 409 2573 onem
439 2511 794 2592 hominum,
823 2514 1199 2599 cupientium
1229 2516 1437 2582 animo
1488 2536 1777 2599 magnam
1807 2515 2090 2582 virtutem
2124 2535 2273 2579 oon·

230 2613 430 2694 sequi,
454 2616 855 2701 laborumque
883 2618 1173 2701 requiem.
1214 2615 1303 2669 -‘-
1321 2617 1639 2683 Perficitur
1656 2626 1862 2682 autem
1886 2617 2093 2682 hocin
2124 2639 2265 2701 gra-
2304 2632 2414 2680 Ant.
2435 2635 2515 2683 ιο.

235 2710 395 2775 tiam
419 2735 661 2798 precum
685 2717 927 2802 piorum
959 2719 1303 2783 hominum.
1391 2719 1541 2800 Sed,
1563 2740 1604 2782 o
1633 2711 1793 2784 Pisa}
1822 2721 2170 2786 arborosum
2198 2719 2274 2783 ad
2378 2739 2389 2752 “

232 2813 809 2898 Alpheum-nemus,
840 2819 1081 2884 huncce
1112 2820 1411 2902 hymnum
1443 2829 1508 2882 et
1536 2820 1808 2883 coronati
1827 2821 2073 2884 victoris
2091 2842 2277 2904 pom·

227 2937 369 3001 pam
418 2918 645 3003 accipe.
726 2921 1038 3005 Magnum
1091 2921 1277 2983 decus
1323 2940 1562 3003 semper
1608 2917 1738 3002 ejus
1782 2929 1897 2999 est,
1950 2919 2052 2981 cui
2097 2928 2274 2981 tuum

154 3053 177 3072 ·
224 3020 561 3103 praemium.
611 3024 935 3109 contigerit
962 3024 1229 3089 illustre..
1259 3022 1402 3086 Alia
1450 3029 1657 3085 autem
1689 3018 1820 3082 aliis
1848 3020 2142 3083 eveniunt
2166 3021 2277 3082 bo·

224 3142 325 3184 na.
368 3121 577 3188 Multa
604 3126 771 3188 enim
824 3125 1076 3190 deorum
1125 3124 1425 3189 beneficio
1451 3143 1677 3208 genera
1732 3130 1878 3185 sunt
1933 3120 2275 3185 felicitatis.

224 3257 315 3273 ·—
341 3223 534 3291 Vobis
560 3248 724 3305 vero,
753 3225 1210 3306 Timosthenes,
1240 3226 1461 3310 obtigit
1488 3224 1744 3289 felicitas
1772 3246 1880 3309 per
1907 3223 2129 3318 Jovem
2155 3247 2271 3310 ge·
2299 3243 2390 3308 Ep.
2417 3248 2497 3296 19.

230 3327 501 3409 nitalem,
534 3330 644 3416 qui
669 3340 730 3394 te
757 3328 1006 3414 quidem
1031 3330 1294 3395 Nemeae
1318 3329 1744 3414 conspicuum,
1777 3325 2271 3392 Alcimedontem

232 3453 366 3498 vero
391 3434 553 3520 apud
584 3433 837 3499 Saturni
890 3435 1113 3499 collem
1144 3434 1289 3499 fecit
1326 3431 1730 3517 Olympicum
1760 3429 2098 3493 victorem..
2118 3428 2273 3494 Erat

226 3539 324 3602 ille
378 3539 674 3622 adspectu
719 3538 947 3620 pulcer,
1013 3538 1309 3622 factisque
1368 3558 1495 3601 non
1547 3532 1911 3598 dedecoraus
1968 3532 2268 3613 formam,
2248 3556 2267 3574 ·

222 3640 637 3728 promulgavit
686 3639 883 3703 vietor
936 3639 1107 3703 lucta
1162 3635 1578 3724 longis-remis
1637 3641 1914 3698 utentem
1963 3631 2270 3717 AEginam

222 3742 522 3827 patriam3
572 3741 688 3805 ubi
713 3740 977 3824 Sospita,
1005 3740 1152 3806 Jovi
1177 3739 1463 3824 hospitali
1491 3736 1793 3813 adsidenS,
1823 3733 2043 3798 colitur
2071 3734 2112 3799 J
2122 3739 2267 3801 usti

219 3844 305 3908 tia
332 3881 417 3893 -
447 3846 587 3929 plus
618 3863 804 3926 quam
834 3844 999 3928 apud
1028 3843 1175 3906 alios
1206 3842 1506 3906 homines.
1580 3839 1771 3916 Nam,
1802 3835 1967 3921 quod
1998 3840 2264 3903 multum
2292 3862 2389 3910 su.
2415 3871 2465 3914 2

218 3959 282 4013 et
310 3948 585 4014 multas
565 3968 633 4009 m
663 3954 863 4029 partes
920 3946 1135 4030 vergit,
1188 3946 1251 4010 id
1279 3955 1441 4012 recta
1498 3939 1828 4029 dijudicare
1879 3951 2107 4015 mente,
2141 3960 2268 4002 non
2325 3930 2406 3975 ³⁰·

220 4071 552 4136 perperam,
606 4048 855 4113 difficile
911 4057 1026 4113 est.
1096 4048 1434 4114 Decretum
1474 4067 1613 4111 vero
1662 4045 1970 4131 quoddam
2019 4040 2271 4103 deorum

224 4154 397 4216 etiam
429 4154 595 4217 banc
633 4151 788 4215 mari
806 4150 1075 4215 cinctam
1094 4161 1337 4230 terram,
1354 4150 1809 4216 confluentibus
1832 4143 2103 4224 undique
2120 4162 2270 4204 con·

222 4254 415 4319 stituit
442 4253 797 4339 hospitibus
826 4253 1172 4317 columnam
1203 4253 1511 4329 divinam3
1559 4254 1833 4314 futurum
1868 4251 2073 4306 autem
2107 4247 2267 4308 tem-

226 4376 337 4438 pus
363 4357 600 4428 efficere
630 4356 778 4434 hoc,
810 4363 882 4418 ut
911 4354 998 4418 ita
1021 4354 1120 4433 sit,
1151 4376 1229 4419 ne
1257 4354 1534 4422 desinat!
1570 4390 1659 4402 ——
1688 4371 1725 4411 a
1768 4340 2008 4409 Dorico
2036 4342 2269 4422 populo
2295 4360 2405 4472 2³33.
2393 4366 2465 4412 ..ε
