2925 5150
790 444 1256 517 cARMEN
1314 424 1475 509 ·v11.
1749 524 1756 529 ,
2091 441 2195 515 ‘7⁵

112 648 219 697 non
245 633 401 699 mihi
428 630 828 697 sueoemehtt
864 628 972 695 ille
1000 628 1255 693 Ionium
1285 627 1445 690 ultra
1473 644 1638 689 mure
1680 621 1985 686 habitans.
2057 619 2168 691 Et.

36 746 37 809 g
110 735 356 800 amicitia
380 732 683 818 hospitali
711 734 901 796 fretus
945 751 1086 808 sum
1117 739 1182 795 et
1228 727 1389 792 inter
1413 725 1740 811 populares
1778 726 1950 786 vultu
1979 732 2154 787 tueor

36 830 39 881 ἶ
109 858 325 921 meno,
353 859 489 905 nou
516 837 810 918 insolens,
842 834 1113 899 violenta
1141 833 1357 897 omnis
1384 848 1731 895 removens.
1774 826 1969 889 Modo
2010 847 2155 910 pos-

106 945 292 1006 terum
321 943 544 1007 laetum
590 938 874 1002 adveniat
900 935 1187 1021 tempus!
1235 933 1366 1002 Qui
1393 941 1609 997 autem
1641 930 1817 994 novit
1847 931 2035 1007 (me),
2063 927 2163 1005 diff

107 1049 187 1105 eat
216 1063 301 1105 an
333 1042 618 1106 accedam
648 1039 723 1107 ad
750 1060 999 1103 carmen
1030 1037 1135 1121 (ad
1156 1035 1494 1121 poeticen),
1530 1033 1904 1097 maledicum
1930 1050 2163 1120 sermo-

106 1161 233 1206 nem
260 1150 334 1207 ut
360 1144 685 1228 proferam.
770 1142 830 1205 Ο
860 1136 1326 1205 Euxenidarum
1360 1138 1525 1201 tribu
1542 1146 1674 1201 orte
1698 1131 2018 1219 Sogenesl
2056 1127 2168 1214 ju-

107 1262 163 1305 ro
191 1245 313 1321 (vel
341 1252 732 1309 sacramento
761 1242 927 1307 enim
948 1240 1282 1325 contendo)
1316 1261 1418 1324 me
1437 1260 1587 1319 non,
1605 1240 1945 1303 terminum
1975 1244 2178 1298 trans-

112 1365 394 1428 gressum,
414 1344 709 1432 jaculum
732 1354 1027 1430 tanquam
1054 1330 1637 1429 ‘aere-cuspidatum,
1661 1343 1928 1407 vibrasse
1949 1380 2040 1390 —
2074 1360 2182 1403 ce·
2208 1338 2334 1451 Ande}
2355 1340 2409 1388 4.

112 1448 282 1512 lenem
337 1444 658 1534 linguam3
720 1440 828 1532 qui
875 1455 998 1528 (tu)
1049 1446 1318 1511 eduxisti
1347 1467 1381 1509 e
1411 1446 1859 1510 luctationibus
1895 1453 1958 1525 (e
1986 1444 2181 1522 lucta)
2242 1411 2269 1454 ¹
2338 1436 2355 1451 '

118 1552 405 1619 cervicem
452 1562 516 1616 et
561 1553 751 1617 robur
786 1548 1605 1634 .sudore-non·adspersum‚
1634 1547 1953 1611 ardentem
1986 1545 2188 1629 prius-

112 1673 285 1733 quam
317 1656 387 1719 iu
413 1657 604 1719 solem
650 1653 1316 1733 membrapinciderent
1363 1653 1535 1733 (solis
1573 1662 1806 1717 aestum
1838 1651 2189 1723 sentirent).

116 1754 183 1818 Si
208 1758 379 1820 labor
430 1759 689 1840 (tamen)
724 1756 870 1831 fuit,
901 1755 1229 1819 delectatio
1275 1752 1472 1839 major
1500 1753 1796 1818 succedit.
1884 1752 2035 1817 Sine
2065 1771 2191 1829 me,

116 1858 338 1923 victori
361 1857 428 1921 in
457 1858 644 1922 decus
677 1858 779 1942 (ad
802 1857 1151 1921 ornandum
1177 1860 1504 1933 victorem)
1534 1859 1585 1920 si
1616 1877 1739 1940 qua
1771 1858 1898 1919 alta
1919 1875 2068 1917 voce
2091 1852 2192 1916 in-

122 1960 325 2023 sonui.
412 1960 562 2023 Non
614 1958 881 2023 difficilis
927 1981 1065 2023 sum
1113 1957 1190 2022 ad
1233 1958 1703 2042 persolvendum
1756 1958 2012 2040 (laudes,
2055 1978 2198 2041 quae

122 2061 422 2127 debentur
472 2060 616 2126 viris
668 2060 956 2143 meritis).
1041 2059 1313 2124 Nectere
1365 2081 1621 2123 coronas
1675 2059 2007 2138 (frondeas)
2066 2061 2204 2123 leve

125 2172 239 2227 est.
323 2163 664 2249 Exspecta.
752 2162 942 2226 Musa
969 2161 1082 2225 tibi
1113 2163 1308 2226 nectit
1332 2184 1553 2227 aurum
1579 2163 2030 2247 candidumque
2054 2166 2206 2228 ebur

128 2283 247 2327 ma
297 2284 677 2351 suavemque
700 2258 913 2329 florem
962 2258 1081 2328 sub
1125 2265 1369 2328 marino
1417 2256 1779 2350 decerptum
1805 2276 1955 2330 'rore
2005 2279 2204 2351 (cora-

130 2365 333 2442 lium).
372 2406 467 2417 -—
505 2368 584 2432 In
613 2364 660 2431 J
662 2369 793 2432 ovis
824 2389 965 2432 vero
1011 2367 1397 2432 mentionem
1430 2370 1751 2454 prolapsus
1774 2380 2023 2456 propter
2067 2370 2201 2435 Ne·
2230 2367 2404 2479 Ἐμέ·

129 2489 352 2550 meam,
372 2472 685 2537 ,celebrem
708 2473 1083 2555 hymnorum
1106 2493 1332 2537 sonum
1358 2493 1545 2536 move
1581 2475 1914 2556 (o'anime)
1939 2474 2203 2559 placide.
2260 2436 2318 2482 ¹¹
2359 2466 2379 2483 ‘

140 2568 375 2654 Regem
400 2574 565 2638 enim
595 2574 853 2642 deorum
885 2574 1067 2640 decet
1094 2574 1226 2641 solo
1244 2578 1311 2640 in
1340 2575 1531 2640 hocce
1554 2575 1876 2663 (Nemeae)
1905 2581 2209 2644 celebrare
2253 2627 2264 2640 ,

132 2671 355 2736 divina
394 2696 556 2741 voce.
640 2678 844 2744 Aiunt
895 2679 1067 2744 enim*
1112 2682 1319 2765 ipsum
1344 2680 2214 2768 (Jovem)a-1nati·e·excepto

132 2774 385 2839 semine
408 2780 679 2861 genuisse
723 2782 1024 2860 AEacum,
1057 2819 1145 2830 —
1175 2803 1340 2846 meze
1400 2784 1647 2866 (immo,
1678 2789 1926 2865 vestrae)
1956 2785 2213 2868 quidem
2239 2787 2405 2838 Str-5·

146 2877 612 2960 gubernatorem
642 2883 894 2949 illustris
916 2882 1159 2968 patriae,
1172 2892 1505 2968 tuumque,
1526 2904 1570 2945 o
1595 2883 1925 2964 Hercules,
1946 2887 2219 2947 benevo-
2276 2855 2390 2903 ¹²⁵⁹

158 2981 285 3044 hm
308 2980 613 3069 hospitem
642 2987 1042 3072 fratremque.
1083 2985 1154 3049 Si
1173 3005 1323 3049 vero
1334 2985 1665 3050 utilitatem
1689 2984 1854 3069 capit
1869 3006 1948 3050 ex
1971 2984 2225 3049 homine

154 3082 376 3148 homo:
442 3088 595 3173 quid
645 3088 928 3155 dieamus
958 3089 1277 3170 ⁴vicinum,
1332 3088 1543 3153 animo
1588 3081 1831 3153 intento
1882 3099 2232 3171 amantem‚·

160 3206 287 3252 esse
317 3189 569 3258 vicino?
616 3193 877 3258 felicitas
905 3194 1047 3259 baec
1077 3193 1370 3257 omnibus
1400 3191 1803 3278 praeferenda.
1891 3191 1963 3258 Si
1993 3215 2135 3259 vero
2163 3193 2230 3261 id

156 3286 348 3371 ipsum
380 3294 567 3358 etiam
600 3293 755 3359 deus
783 3305 1058 3380 praestat,
1082 3305 1293 3360 tecum
1327 3295 1545 3381 utique
1576 3295 1807 3378 (intua
1828 3297 2087 3380 vicinia)
2117 3299 2230 3365 de-

164 3389 279 3471 bet,
304 3417 345 3459 o
374 3397 693 3482 Gigantes
717 3399 826 3483 qui
854 3399 1175 3479 domuisti,
1202 3398 1427 3463 faustis
1450 3399 1753 3486 ‘auspiciis
1798 3401 2070 3468 habitare
2113 3403 2234 3468 So-

162 3513 358 3578 88116,
386 3502 567 3586 pium
633 3523 781 3585 erga
811 3511 1047 3588 patrem
1092 3502 1307 3567 fovens
1361 3502 1668 3584 animum,
1729 3503 2031 3590 majorum
2091 3505 2231 3572 vico

154 3601 470 3686 opulento,
500 3606 807 3688 praeclaro
836 3628 855 3669 z
880 3642 972 3654 --
999 3605 1194 3686 Nam,
1224 3605 1605 3693 quadrijugis
1637 3609 1805 3672 velut
1846 3629 2136 3675 curruum
2160 3608 2226 3676 in
2255 3601 2444 3719 ⁸12⁵·

145 3695 331 3784 iugis,
372 3705 543 3772 inter
583 3706 837 3771 delubra
876 3707 1135 3773 domum
1183 3708 1368 3774 habet
1409 3717 1541 3790 tua,
1605 3710 1828 3777 utravis
1886 3713 2227 3798 procedens
2386 3699 2404 3716 ⁶

124 3822 353 3873 ·mauu.
442 3809 547 3874 Te·
576 3831 718 3874 vero
743 3810 947 3891 decet,
976 3833 1017 3874 o
1049 3811 1278 3892 Heros‘‚
1307 3811 1350 3875 J
1358 3833 1632 3876 unonem
1664 3812 2079 3901 maritumque
2111 3837 2225 3882 ex·
2335 3811 2340 3822 ’

148 3924 309 3971 orare
352 3909 774 3998 Puellamque
817 3914 1105 3994 caesiam3
1149 3923 1355 4001 potest
1397 3926 1611 3981 autem
1655 3916 1798 3980 dare
1862 3921 2256 4000 mortalibus,
2307 3983 2329 3996 Α

144 4013 488 4080 remedium
517 4015 951 4082 difficultatum
971 4018 1487 4086 inextricabilium
1515 4019 1801 4084 subinde.
1832 4019 2092 4086 Utinam
2112 4023 2233 4085 ita-

150 4130 263 4196 que
286 4120 593 4184 stabilem
619 4117 1259 4214 juventuti-laetaeque
1306 4124 1616 4189 senectuti
1664 4123 2058 4189 intertextam
2088 4124 2236 4189 vitae

147 4214 515 4286 felicitatem
571 4222 725 4308 ipsis
779 4224 967 4309 (patri
996 4234 1063 4288 et
1103 4225 1264 4306 filio)
1298 4226 1625 4306 concedas),
1677 4224 2076 4308 filiorumque
2122 4223 2242 4292 filii

156 4320 416 4388 teneant
479 4344 732 4411 semper
753 4361 843 4376 --
869 4325 1190 4408 honorem,
1243 4349 1371 4414 quo
1400 4349 1574 4394 nunc
1647 4325 1964 4404 fruuntur,
1994 4334 2058 4390 et
2085 4337 2251 4413 prae·
2278 4329 2500 4450 itm-⁵·
