2925 5150
66 0 81 55 r

66 148 69 249 ψ’

910 388 1376 463 CARMEN
1424 391 1543 461 lx.
2175 403 2261 462 5³

66 604 69 645 ι
198 567 534 647 sanabunt,
584 562 944 646 facientque
967 582 1117 626 eum
1160 561 1596 638 immortalem,
1625 559 1665 625 J
1671 580 1850 630 ovem
1878 574 1942 630 et
1968 576 2260 636 eandum·
2369 624 2376 633 „

192 673 576 759 Apollinem,
608 665 909 751 gaudium
941 667 1306 744 amicorum,
1335 672 1400 729 et
1428 662 1780 751 proximum
1808 668 2096 735 comitem
2125 672 2260 737 ovi-

192 797 317 857 um,
346 772 733 838 venatorem
764 776 828 832 et
857 766 1195 846 Pastorem,
1224 766 1302 871 0⁸¹²
1330 765 1469 830 aliis
1497 786 1639 833 vero
1680 765 2013 834 Aristaeum
2050 776 2261 859 φρει-

188 878 478 943 landum.
561 871 671 936 Sic
697 870 946 935 locutus
972 867 1293 953 instigavit
1333 886 1509 950 eum,
1535 879 1613 937 ‚ut
1631 867 1986 957 jucundum
2016 877 2266 960 nuptia-
2307 936 2312 941 .

182 1001 333 1045 rum
392 976 707 1064 perficeret
757 973 1020 1038 exitum.
1063 1011 1154 1023 -—
1196 969 1429 1038 Celeris
1472 981 1690 1040 autem
1731 983 1849 1056 est,
1894 976 1948 1041 si
1989 978 2142 1063 quid
2184 980 2270 1046 dii
2295 988 2385 1052 Ep.
2407 994 2460 1039 ³-

185 1083 560 1159 nuntiantur,
600 1079 768 1143 actio
819 1076 1059 1161 viaeque
1111 1077 1348 1141 breves.
1436 1076 1606 1142 Illud
1662 1077 1767 1141 illa
1817 1078 1954 1145 dies
2012 1081 2270 1167 peregit.
2328 1059 2436 1105 ¹¹²

188 1186 615 1270 Thalamoque
642 1183 1122 1247 concubuerunt
1148 1178 1216 1244 in
1239 1200 1425 1247 aureo
1454 1180 1699 1265 Libyae,
1714 1201 1842 1266 quo
1864 1184 2004 1247 loco
2025 1186 2272 1269 pulcer-

191 1289 403 1353 rimum
434 1288 661 1353 urbem
695 1283 1024 1371 (Nympha
1062 1282 1325 1367 Cyrene)
1358 1290 1598 1349 tutatur
1637 1283 2045 1371 inclitamque
2070 1295 2271 1352 certa-

194 1391 487 1454 minibus.
570 1389 791 1474 Atque
818 1407 992 1451 nunc
1019 1385 1185 1471 apud
1213 1386 1565 1472 Pythonem
1608 1386 1883 1452 divinam
1928 1386 2269 1456 carneadae

196 1490 350 1555 filins
379 1488 833 1556 florentissimae
865 1489 1063 1573 ipsam
1107 1488 1384 1555 admovit
1409 1491 1700 1570 fortunae,
1732 1489 1842 1556 ubi
1869 1490 2079 1584 ,victor
2122 1512 2265 1578 pro-

195 1591 384 1659 fessus
412 1603 505 1658 est
532 1593 840 1678 Cyrenen.
927 1591 1093 1663 Quae
1122 1592 1330 1677 ipsum
1360 1594 1660 1658 benevola
1687 1591 1977 1679 excipiet,
2001 1595 2266 1680 pulcris-

194 1695 705 1780 feminis-insigni
747 1695 966 1782 patriae
1011 1694 1270 1781 gloriam
1297 1696 1633 1761 amabilem
1662 1697 2021 1762 afferentem
2046 1719 2082 1761 e
2109 1697 2266 1761 Del·
2407 1752 2413 1765 ,

195 1797 364 1882 phis.
405 1834 497 1847 —-
535 1798 787 1883 Magnae
831 1799 1097 1864 virtutes
1137 1798 1381 1883 semper
1408 1797 1668 1883 capiunt
1712 1798 1990 1885 copiosas
2017 1801 2266 1880 laudesg
2294 1817 2395 1868 ser.
2423 1823 2470 1867 4.

198 1898 266 1962 in
299 1899 560 1983 copiosis
590 1909 797 1967 tamen
826 1901 923 1986 (in
952 1922 1185 1986 magna
1199 1921 1405 1966 rerum
1425 1901 1824 1966 dicendarum
1844 1902 2050 1987 copia)
2077 1923 2274 1993 pauca
2330 1886 2441 1933 ¹³³⁴

195 2003 786 2086 ornate-edisserere,
831 2005 1066 2070 auditio
1114 2000 1341 2089 (grata)
1373 2002 1783 2088 sapientibus.
1817 2004 2278 2091 Opportunitas

200 2112 404 2169 autem
449 2105 732 2172 similiter
774 2107 844 2171 in
894 2127 1139 2192 quaque
1183 2127 1250 2170 re
1302 2114 1478 2170 tenet
1524 2127 1864 2171 summam.
1949 2106 2280 2171 Noverunt

199 2206 520 2290 aliquando
546 2216 615 2275 et
657 2208 927 2287 Iolaum,
956 2229 1085 2272 non
1115 2216 1513 2292 aspernatum
1544 2227 1681 2272 eam
1729 2208 2278 2294 opportunitatem,

202 2308 878 2395 septiportes·‘l'bebae=
924 2332 1139 2397 quem,
1166 2310 1507 2396 Eurysthei
1551 2320 1883 2396 postquam
1925 2323 2111 2397 caput
2139 2333 2275 2377 am-

201 2420 507 2494 putaverat
529 2413 693 2479 ensis
723 2415 889 2497 aeie,
915 2412 1323 2479 condiderunt
1352 2415 1483 2479 ima
1521 2415 1641 2479 sub
1663 2420 1822 2478 terra
1847 2412 1916 2479 in
1946 2430 2275 2479 currumn-

203 2512 505 2596 agitatoris
544 2517 1017 2604 Amphitryonis
1063 2517 1384 2602 sepulcro3
1430 2516 1545 2583 ubi
1592 2525 1887 2603 paternus
1931 2537 2080 2583 avus
2134 2515 2274 2604 ejus

204 2623 472 2681 satorum
511 2618 827 2686 hominum
865 2619 1362 2703 (Thebanorum)
1396 2620 1623 2705 hoepes
1657 2618 1927 2705 jacebat,
1958 2641 2148 2704 quum
2194 2620 2273 2684 ad

203 2717 765 2803 equis-albis-tritos
820 2724 1239 2790 Cadmeorum
1285 2723 1756 2807 commigrasset
1789 2722 1979 2786 vicos.
2021 2759 2115 2774 —-·
2156 2723 2276 2786 Pe·
2302 2733 2416 2782 Ant.
2437 2740 2484 2784 e.

200 2822 355 2907 pfflt
374 2825 620 2913 ex‘ejus
646 2827 950 2915 ,Iovisque
980 2825 1373 2912 amplexibus
1401 2824 1672 2909 prudens
1697 2823 1888 2887 unico
1915 2834 2101 2907 partu
2123 2824 2280 2887 Alc-
2341 2802 2449 2847 ¹4⁸·

68 2917 76 2930 ¹
199 2944 375 2993 mena
399 2931 799 3014 geminorum
830 2931 1137 2998 invictum
1167 2929 1356 2992 robur
1382 2927 1677 2992 filiorum.
1766 2926 1994 3004 Mutus
2025 2924 2127 2987 ille
2174 2926 2280 2990 fu-

190 3028 325 3110 erit,
367 3032 476 3116 qui
521 3032 791 3098 Herculi
839 3055 910 3097 os
961 3052 1090 3097 non
1136 3028 1435 3114 applicet,
1465 3027 1555 3110 (ei
1599 3027 1873 3093 carmine
1915 3027 2281 3092 celebrando

195 3150 396 3198 vocem
423 3156 550 3200 non
579 3135 1079 3215 accom‘modet‚).
1101 3154 1308 3218 neque
1346 3131 1740 3196 Dircoearum
1781 3152 2079 3218 aquarum
2111 3153 2278 3197 sem-

200 3252 298 3316 per
339 3239 725 3319 meminerit,
765 3260 908 3324 quae
959 3239 1139 3302 illum
1186 3235 1526 3300 educarunt
1554 3242 1617 3297 et
1658 3233 1964 3320 Iphiclem
1981 3257 2003 3314 3
2052 3219 2277 3322 qui-bus

200 3357 308 3420 ego
351 3343 734 3424 praeclarum
782 3363 862 3405 ex
906 3349 1058 3404 voto
1103 3360 1358 3403 carmen
1400 3358 1700 3422 pangam,
1732 3339 2034 3403 beneficio
2081 3340 2159 3404 ab
2203 3338 2276 3402 iis

203 3440 451 3518 affectus.
544 3442 919 3510 Gratiarum
953 3441 1291 3508 celebrium
1341 3439 1583 3524 (modo)
1619 3461 1698 3503 ne
1732 3461 1834 3505 me
1864 3439 2115 3505 deficiat
2155 3465 2275 3529 pu·

197 3562 325 3608 rum
347 3546 558 3612 lumen
584 3548 603 3613 l
658 3546 1041 3632 AEginaeque
1070 3544 1263 3624 enim,
1294 3542 1414 3624 aio,
1444 3541 1712 3629 Nisique
1742 3543 1808 3608 in
1833 3544 1991 3609 colle
2012 3543 2274 3622 (Telesi-

200 3657 398 3728 erates)
430 3659 529 3717 ter
561 3651 898 3717 civitatem
919 3649 1083 3713 hanc
1112 3646 1451 3736 (Cyrenen)
1475 3648 1777 3712 celebrem
1806 3646 1975 3729 fecit,
2003 3684 2094 3697 —-
2121 3645 2277 3713 taci-
2306 3676 2402 3739 Ep.
2428 3678 2482 3722 4,⁴

197 3758 419 3820 turnam
448 3755 726 3820 laudum
757 3753 1035 3838 inopiam
1077 3751 1336 3816 victoria
1374 3749 1699 3834 effingiens.
1787 3750 2197 3837 Quapropter,
2227 3748 2281 3813 si
2341 3742 2456 3818 ¹⁶⁸⁹?
2581 3779 2588 3786 ·

194 3854 318 3941 quis
357 3856 413 3922 ei
455 3857 722 3923 amicus
766 3854 850 3920 sit
898 3854 1156 3936 civium,
1186 3853 1238 3918 si
1286 3853 1423 3937 quis
1468 3852 1860 3934 adversarius,
1899 3853 2022 3918 hoc
2070 3852 2282 3934 utique

194 3960 419 4040 publice
467 3937 649 4026 bene
702 3966 981 4043 gestum,
1012 3978 1115 4037 ne,
1143 3949 1542 4042 praeceptum*
1574 3949 1808 4018 violans
1851 3951 2075 4019 marini
2120 3951 2284 4014 senis

66 4139 77 4158 „
198 4059 418 4150 (Nerei)
450 4067 653 4130 celet.
728 4060 848 4142 Ille
880 4061 1066 4125 etiam
1099 4059 1450 4139 inimicum,
1469 4059 1791 4144 praeclaras
1819 4077 1913 4119 res
1944 4059 2284 4136 gerentem,

196 4171 310 4231 toto
335 4170 557 4235 animo
588 4174 664 4231 et
694 4184 813 4250 pro
834 4161 1083 4247 justitia
1108 4164 1352 4229 laudare
1393 4161 1674 4248 jubebat.
1766 4152 2126 4239 Saepissime
2158 4154 2286 4218 vic-

82 4255 89 4262 ’
195 4275 366 4340 torem
393 4283 460 4340 te
490 4271 707 4338 etiam
740 4267 811 4332 in
844 4265 1026 4331 sacris
1056 4265 1229 4332 statis
1253 4264 1521 4331 Palladis
1552 4262 1722 4338 vidi;
1755 4255 2089 4335 tacitaeque
2111 4273 2289 4337 quae-
2354 4335 2378 4342 ,
