2925 5150
899 528 1362 601 CARMEN
1414 532 1502 598 x:
2015 520 2032 545 ²
2177 526 2278 598 ἀι

205 698 360 768 riam
384 724 593 771 rerum
640 707 886 787 servat,)
935 705 1046 769 ubi
1088 705 1240 769 belli
1286 726 1536 784 munus,
1584 703 1910 788 spoliorum
1956 705 2281 791 primitias,

208 809 476 890 partitus
508 809 949 888 immolaverit,
992 806 1055 872 et
1079 808 1563 892 quinquennale
1604 810 1910 893 quomodo
1955 809 2285 876 instituerit

209 907 450 973 festum
470 932 499 989 ι
540 911 608 974 in
634 900 1001 994 Olympiade
1028 909 1231 994 prima
1259 909 1628 995 victoriaque
1659 911 1798 994 quis
1827 921 2136 977 recentem
2185 935 2284 978 re·

207 1013 554 1093 portaverit
566 1008 867 1076 manibus
887 1011 1270 1097 pedibusque
1296 1021 1362 1076 et
1386 1014 1666 1078 curribus
1696 1013 2016 1078 victoriam
2046 1013 2287 1078 inludis

206 1125 639 1202 consequutus
689 1115 948 1198 gloriose
990 1114 1328 1180 certamine
1372 1115 1587 1180 victor.
1637 1155 1729 1166 —
1774 1115 1995 1180 Stadio
2041 1116 2288 1202 quidem
2311 1122 2403 1170 su.
2421 1126 2472 1172 ⁴·

205 1215 364 1280 vicit
385 1228 555 1282 recto
580 1238 768 1282 cursu
789 1216 1047 1302 pedibus
1066 1237 1323 1282 currens
1354 1217 1518 1283 filius
1549 1218 1860 1303 Licymnii
1887 1219 2167 1298 OEonm,
2184 1219 2294 1304 qui
2378 1191 2456 1237 ⁷⁶⁸

209 1328 463 1383 venerat
490 1341 568 1383 ex
598 1318 818 1383 Midea
845 1319 949 1383 cui
971 1319 1361 1404 imperabat,
1411 1319 1518 1384 sed
1547 1321 1715 1385 lucta
1740 1323 2042 1413 illustrem
2088 1322 2294 1386 reddi·

187 1422 307 1496 ‚dit
333 1422 658 1488 Echemus
687 1420 1009 1506 Tegeam3
1028 1422 1361 1506 'Doryclus
1417 1443 1556 1487 vero
1600 1424 1932 1509 praemium
1979 1400 2295 1545 pugilatus

212 1526 377 1604 tulit,
434 1523 809 1609 Tiryntbem
853 1524 1131 1589 incolens
1174 1526 1411 1591 urbem.
1501 1524 1828 1610 Quadrigis
1870 1536 2079 1591 autem
2121 1548 2220 1576 —-·
2233 1549 2293 1590 e
2320 1528 2396 1577 An
2401 1536 2433 1577 ί-
2459 1532 2509 1577 4·

212 1626 547 1690 Mantinea
573 1626 804 1691 Semus
839 1629 1211 1705 canebatur3
1258 1636 1323 1691 et
1342 1625 1558 1713 jaculo
1589 1626 1878 1693 Phrastor
1903 1628 2113 1712 attigit
2149 1649 2290 1693 sco-
2382 1596 2467 1642 Μ’

200 1750 371 1815 ,pum
392 1753 435 1821 3¹
457 1749 603 1792 saxo
632 1737 842 1792 autem
880 1728 1095 1812 (disci)
1121 1728 1399 1795 Enieeus
1415 1728 1572 1816 jecit
1598 1730 1664 1794 in
1693 1731 1976 1816 longum,
2013 1752 2285 1796 manum

227 1829 689 1911 circumi-utana,
715 1852 903 1917 supra
926 1850 1172 1911 omnes,
1202 1841 1267 1896 et
1294 1833 1578 1899 sodalitio
1621 1833 2131 1898 acclamationem
2177 1855 2291 1898 ex-

208 1934 450 2018 pressit
474 1954 783 2018 magnam.
851 1935 1041 2000 Tum
1073 1956 1382 2020 vesperam
1431 1936 1759 2001 illustravit
1806 1938 2041 2020 pulcrae
2085 1936 2292 2000 Lunae

222 2037 487 2103 amabile
506 2038 744 2117 lumen,
775 2075 868 2087 --
892 2040 1380 2131 pei-sonabatque
1408 2048 1611 2103 totum
1634 2038 1955 2111 delubrum
1985 2038 2146 2102 inter
2180 2036 2292 2124 ju·
2319 2050 2474 2117 Epod.

221 2116 457 2207 enudas
483 2142 700 2225 epulas
728 2140 1068 2206 laudatorio
1097 2151 1307 2206 cantu.
1397 2140 1738 2206 Primordia
1761 2161 1900 2207 vero
1941 2141 2052 2204 illa
2096 2139 2296 2225 prisca
2319 2124 2366 2168 4·
2397 2122 2477 2169 94·

216 2242 444 2325 secuti,
470 2243 843 2324 etiamnum,
861 2244 1237 2329 cognomine
1261 2244 1452 2309 decus
1482 2243 1757 2309 victorias
1786 2234 2089 2329 superbae,
2129 2244 2294 2306 cele

220 2343 531 2409 brabimus
560 2345 824 2422 tonitru,
852 2347 1231 2431 rubenteque
1259 2346 1474 2412 dextra
1534 2347 1796 2411 missum
1842 2347 2039 2410 telum
2091 2345 2294 2430 gravi-

214 2446 402 2531 strepi
418 2445 616 2527 Jovis,
640 2446 859 2512 ardens
880 2449 1143 2530 fulmen,
1159 2470 1403 2514 summa
1417 2470 1564 2513 cum
1594 2448 1677 2529 vi,
1702 2449 1967 2532 (manui)
1989 2456 2294 2533 aptatum.

214 2548 415 2615 Tibiae
461 2563 673 2616 autem
719 2551 1109 2637 respondebit
1152 2552 1354 2618 suavis
1399 2550 1740 2620 modulatio
1769 2536 2156 2634 carminum,
2200 2590 2295 2603 —-
2318 2577 2413 2625 sir.
2433 2581 2488 2630 5.
2523 2601 2539 2620 .

226 2654 556 2738 quae-apud
583 2653 863 2720 inclitam
892 2654 1149 2719 Dircem
1181 2677 1315 2720 sero
1332 2656 1584 2743 quidem
1611 2653 1987 2741 prodierunt.
2021 2667 2028 2671 ’
2076 2654 2292 2721 Sedut
2349 2646 2460 2728 ¹⁰3·

219 2752 386 2818 filius
414 2775 495 2817 ex
518 2777 699 2820 uxore
727 2758 887 2842 patri
907 2767 1236 2841 gratus·est
1280 2758 1359 2822 ad
1393 2756 1730 2842 juventuti·
1746 2755 1883 2842 jam
1939 2759 2289 2844 oppositam

220 2864 457 2921 metam
472 2867 776 2942 provecto,
798 2860 1192 2942 maximeque
1210 2857 1492 2921 incendit
1509 2877 1718 2920 amore
1735 2856 2014 2922 animum
2035 2882 2055 2936 3
2086 2878 2288 2941 quan·

212 2958 545 3043 doquidem
575 2960 818 3024 divitias
857 2961 1139 3045 accipere
1185 2958 1516 3024 dominum
1561 2955 1938 3020 adscititium
1995 2957 2291 3036 alienum,

211 3061 498 3127 morienti
532 3062 951 3128 tristissimum
985 3063 1092 3126 fit:
1139 3101 1229 3111 —
1255 3061 1366 3140 sic,
1397 3061 1453 3124 si
1484 3058 1587 3123 cui
1614 3058 1802 3122 rebus
1837 3059 2050 3142 pulcre
2100 3056 2290 3140 gestis
2318 3068 2430 3120 Am.
2452 3080 2499 3125 ⁵.

206 3166 430 3250 absque
453 3164 764 3247 carmine,
787 3165 1180 3250 Agesidame,
1199 3164 1275 3228 ad
1296 3162 1580 3229 Plutonis
1605 3160 1795 3224 limen
1812 3161 1892 3224 sit
1909 3159 2286 3240 abeundum,
2350 3142 2460 3189 ¹⁰⁹·

203 3267 460 3333 inaniter
487 3279 838 3355 postquam
863 3268 1181 3348 laboravit,
1206 3269 1453 3331 brevem
1480 3287 1590 3351 pro
1607 3265 1811 3328 labore
1835 3266 2104 3329 fructum
2131 3285 2284 3328 con-

203 3371 490 3456 sequitur.
595 3369 746 3434 Tibi
769 3392 912 3433 vero
936 3369 1379 3453 dulcisonaque
1397 3370 1524 3452 lyra
1547 3365 1866 3450 dulcisque
1891 3368 2043 3448 tibia
2060 3366 2284 3431 adfun*

205 3472 292 3536 dit
314 3475 524 3555 decus,
560 3474 975 3559 praebentque
1003 3473 1271 3557 amplam
1303 3470 1562 3555 gloriam
1594 3468 1743 3532 filiae
1775 3466 2041 3534 Pierides
2083 3467 2285 3535 Jovis.

203 3612 287 3624 —-
308 3574 451 3661 Ego
478 3580 734 3652 autem,
765 3574 1092 3640 comitatus
1120 3595 1244 3653 eaS,
1275 3571 1545 3636 studiose
1575 3572 1797 3633 claram
1846 3580 2097 3656 gentem
2149 3572 2280 3637 Lo-
2311 3598 2468 3661 »ζμ-5,

200 3699 425 3742 crorum
460 3676 811 3762 amplexus
843 3697 1008 3755 sum,
1042 3676 1345 3758 melleque
1374 3671 1861 3755 viris-insignem
1897 3674 2108 3738 urbem
2141 3674 2280 3739 irri-
2336 3668 2451 3713 ²¹⁷·

194 3801 361 3865 gans,
394 3780 609 3862 filium
644 3776 975 3859 amabilem
1005 3774 1385 3846 Archestrati
1416 3773 1659 3840 laudavi
1683 3797 1704 3852 3
1752 3793 1942 3862 quem,
1968 3774 2096 3840 vidi
2141 3778 2279 3841 vin-

196 3896 428 3948 centem
482 3897 728 3952 manus
770 3881 985 3944 robore
1027 3901 1191 3948 aram
1238 3878 1399 3964 apud
1442 3871 1863 3963 olympicam,
1908 3877 2067 3974 illud
2121 3879 2285 3941 circa

188 3975 426 4072 tempus
450 3988 799 4065 formaque
816 3982 1093 4065 pulcrum
1115 3980 1439 4066 floridaque
1459 3990 1641 4046 aetate
1663 3979 2099 4056 constitutum,
2136 3999 2278 4061 quae

189 4089 421 4156 avidam
448 4109 490 4150 a
523 4081 912 4167 Ganymede
941 4095 1198 4151 mortem
1232 4085 1611 4174 propulsavit
1640 4081 1874 4148 auxilio
1904 4078 2179 4150 VeneriS‚
