2925 5150
957 392 1435 480 exulum*
1479 397 1600 464 lx,
2197 405 2286 478 72

145 562 368 627 “meni
404 582 554 628 vero
583 560 665 628 ad
690 561 876 648 ripae,
901 562 1081 631 dulci
1104 560 1308 631 reditu
1346 564 1635 648 inhibi'so,
1659 569 2029 639 albicantem
2054 593 2282 663 corpo-

18 682 19 697 ³
164 664 366 730 ribus
420 664 948 751 pinguefeoerunt
1001 667 1281 732 fumum.
1370 667 1626 754 Septem
1693 671 1861 736 enim
1911 672 2282 743 devorarunt

165 787 361 851 pyrae
381 767 652 855 juvenes
679 767 874 847 viros3
917 767 1299 854 Amphiarao
1340 780 1552 836 autem
1585 770 1818 837 diffidit
1855 775 2115 841 fulmine
2141 777 2276 846 vio-

160 870 364 936 lento
392 871 649 958 Jupiter
675 872 866 936 latam
914 879 1161 952 terram,
1192 874 1646 960 absconditque
1685 897 1844 941 eum
1879 899 2033 943 cum
2078 879 2274 965 equis,

158 1008 261 1020 —
298 974 493 1038 hasta
522 973 938 1057 Periclymeni
966 982 1297 1059 antequam
1328 982 1504 1062 tergo
1531 997 1865 1061 percussus
1893 979 2039 1045 forti
2066 980 2276 1047 animo
2300 991 2528 1047 nands.

157 1075 555 1159 pudefieret.
644 1077 818 1143 Nam
862 1075 935 1143 in
972 1077 1601 1146 divinitus-immissis
1646 1080 2002 1146 terroribus
2023 1083 2279 1167 fugiunt
2331 1061 2417 1109 ⁶²·

154 1177 373 1243 etiam
418 1179 532 1244 filii
582 1178 868 1245 deorum.
952 1179 1025 1242 Si
1072 1178 1205 1243 fieri
1247 1188 1476 1265 potest,
1504 1202 1545 1244 o
1588 1182 1897 1260 Saturnie,
1929 1183 2278 1251 animosam

158 1277 345 1344 banc
367 1280 1354 1348 Phoenicia-classe-advectarum
1379 1283 1692 1350 hastarum
1722 1286 1802 1351 de
1830 1295 2028 1352 morte
2056 1297 2123 1352 et
2148 1289 2278 1352 vita

160 1380 647 1450 dimicationem
680 1385 1265 1471 precibus-'amoveo
1282 1406 1470 1471 quam
1486 1386 1882 1472 longissime3
1914 1388 2274 1455 felicitatem

155 1505 316 1550 vero
345 1486 1397 1575 legibus-sapienter-constitumm‚
1419 1510 1577 1573 rogo
1601 1490 1863 1581 te‚·filiis
1884 1491 1994 1557 diu
2021 1489 2271 1556 AEtnae-

161 1612 360 1655 orum
410 1592 706 1675 praebeas,
733 1627 827 1639 —
868 1610 907 1655 o
949 1587 993 1654 J
1000 1580 1199 1676 upit'er'
1245 1597 1439 1676 pater,
1483 1590 1931 1678 decoribusque
1979 1593 2266 1658 civilibus
2294 1596 2460 1650 Duod.
2475 1604 2529 1651 7.

156 1691 507 1756 admoveas
534 1693 840 1777 populum
887 1692 980 1776 (h.
1006 1713 1080 1756 ea
1106 1692 1166 1756 ei
1193 1690 1565 1777 impertias).
1651 1693 1820 1759 Sunt
1847 1694 2062 1780 utique
2089 1696 2156 1760 in
2188 1717 2264 1760 eo
2320 1664 2403 1712 ⁷³⁶

156 1814 485 1878 equorum
517 1795 788 1875 studiosi,
814 1794 1169 1878 divitiisque
1197 1794 1438 1858 animos
1476 1795 1773 1859 habentes
1801 1796 2137 1881 superiores
2167 1796 2278 1889 vi.

154 1897 238 1962 ri.
339 1894 710 1960 Incredibile
735 1896 890 1961 dixi.
977 1894 1366 1960 verecundia
1404 1895 1570 1960 enim
1609 1896 2032 1975 (honestarum
2059 1919 2263 1962 rerum

148 1997 480 2073 studium)
526 1999 785 2064 latenter
827 1998 984 2064 lucri
1029 2000 1371 2086 cupiditate
1423 1999 1696 2065 vincitur
1742 2001 2157 2097 (plerumque,
2194 2002 2264 2064 in

152 2103 295 2185 iis),
326 2124 477 2188 quae
505 2102 763 2187 gloriam
794 2105 1080 2169 afli-runt.
1170 2103 1469 2169 Chromio
1496 2113 1707 2168 autem
1756 2106 1810 2168 si
1861 2104 2127 2188 armiger
2153 2102 2264 2166 ad-

167 2205 431 2271 stitisses
458 2206 526 2270 in
555 2206 937 2292 pedestribus
959 2209 1211 2293 pugnis»,
1240 2228 1671 2294 equorumque
1699 2208 2074 2292 naviumque
2103 2228 2264 2290 prae·

162 2310 298 2375 liis:
359 2311 757 2396 cognovisses
800 2311 868 2376 in
914 2310 1266 2376 discrimine
1319 2320 1526 2377 acutoe
1575 2332 1834 2396 pugnae,
1862 2348 1952 2359 —
1983 2307 2152 2395 quod
2199 2308 2264 2373 in
2291 2302 2510 2418 ⁰3⁸2*AE-

162 2415 334 2477 bello
360 2414 469 2477 illa
487 2412 604 2479 dea
630 2412 1070 2494 (Verecundia)
1098 2413 1398 2480 incitabat
1410 2413 1550 2499 ejus
1568 2414 1847 2478 animum
1875 2412 2265 2492 bellicosum,
2384 2406 2405 2420 ⁴
2501 2432 2508 2437 ’

169 2526 249 2579 ut
274 2506 655 2601 propulsaret
681 2517 945 2582 exitium
976 2517 1219 2583 Martis.
1307 2515 1502 2583 Pauci
1533 2537 1696 2598 vero,
1749 2514 1830 2580 ad
1879 2515 2071 2582 caedis
2099 2537 2263 2601 prae-

170 2618 371 2682 sentis
393 2621 625 2683 nubem
657 2620 944 2684 manibus
972 2611 1309 2706 animoque
1335 2621 1402 2686 in
1432 2621 1710 2685 hostium
1740 2617 1984 2683 ordines
2012 2639 2265 2683 conver-

170 2721 461 2801 tehdam‚
485 2721 745 2786 consiliis
766 2724 994 2786 valent.
1081 2723 1338 2787 Dicitur
1354 2744 1502 2788 sane
1523 2720 1786 2786 Hectori
1802 2722 2051 2806 quidem
2070 2721 2262 2785 decus

168 2822 456 2889 floruisse
486 2823 844 2889 Scamandri
876 2827 1115 2890 fluenta
1130 2847 1359 2911 prope3
1404 2823 1915 2909 alte-praecipites
1929 2843 2072 2886 vero
2101 2823 2264 2886 circa

164 2929 332 3014 ripas
352 2928 598 3008 Helori,
623 2965 706 2978 —
729 2949 855 3012 quo
873 2931 1013 2994 loco
1029 2930 1214 2994 Areae
1242 2926 1603 3013 Trajectum
1623 2925 1907 2989 homines
1925 2925 2257 3010 appellant,
2287 2911 2442 3027 ”5:2⁶⁹
2457 2919 2516 2966 ⁹·

168 3032 362 3116 fulget
390 3031 523 3095 filio
554 3031 673 3095 hoc
703 3032 1066 3116 Agesidami
1096 3033 1311 3095 lumen
1340 3029 1409 3094 in
1441 3038 1629 3095 aetate
1657 3026 1883 3114 prima.
1970 3025 2118 3091 Alia
2144 3047 2259 3090 au-

172 3141 296 3197 tem
325 3132 447 3197 alio
492 3142 795 3218 tempore,
829 3135 1028 3199 multa
1070 3133 1322 3218 quidem
1354 3135 1420 3196 in
1455 3131 1887 3218 pulvemlenta
1932 3136 2110 3208 terra,
2140 3127 2258 3193 alia

170 3253 309 3299 vero
337 3236 543 3300 vicino
575 3236 730 3300 mari
766 3238 1018 3321 (gesta),
1048 3237 1570 3300 commemorabo.
1659 3232 1765 3298 Ex
1787 3233 2104 3298 laboribus
2146 3253 2257 3299 au·

176 3345 323 3418 ten,
350 3339 461 3422 qui
488 3337 555 3402 in
577 3337 909 3424 juventute
939 3338 1214 3424 suscepti
1239 3338 1471 3404 fuerint
1501 3359 1768 3423 cumque
1790 3334 2056 3423 justitia,
2086 3335 2252 3402 exis·

124 3425 138 3442 ⁶
177 3438 252 3504 tit
276 3443 578 3531 senectuti
610 3442 736 3505 vita
762 3441 1029 3526 placida.
1117 3440 1319 3520 Sciat,
1336 3442 1621 3506 sortitum
1653 3461 1718 3504 se
1744 3461 1782 3503 a
1805 3438 1922 3503 diis
1939 3439 2250 3506 admiran-

177 3541 315 3607 dam
341 3545 719 3612 felicitatem.
763 3583 853 3594 --
895 3545 967 3610 Si
1006 3543 1177 3610 enim
1206 3565 1358 3609 cum
1404 3545 1626 3629 opibus
1657 3542 1869 3608 multis
1914 3541 2248 3625 gloriosum

178 3655 380 3711 nactus
404 3649 593 3713 fuerit
642 3649 910 3734 (aliquis)
946 3648 1164 3728 decus,
1197 3669 1321 3711 non
1366 3648 1515 3711 licet
1545 3646 1802 3711 ulterius
1834 3646 2076 3709 mortali
2109 3667 2248 3711 am·

174 3749 324 3835 pliu's
348 3752 672 3838 fastigium
704 3754 874 3818 aliud
902 3751 1207 3836 attingere
1233 3750 1518 3837 pedibus.
1609 3748 2006 3812 Hilaritatem
2036 3757 2246 3811 autem

177 3863 324 3917 amat
346 3856 732 3935 convivium,
761 3864 1161 3940 recenterque
1204 3856 1427 3919 florens
1470 3857 1731 3936 augetur
1762 3849 2080 3931 (illustrior
2104 3847 2246 3912 redf-
2341 3937 2346 3944 ·
2423 3907 2432 3944 .·

172 3955 340 4041 ditur)
374 3957 639 4022 victoria
669 3958 841 4023 molli
870 3966 1085 4022 cantu.
1174 3956 1401 4021 Audax
1429 3971 1574 4018 vero
1602 3951 1769 4037 apud
1799 3953 2094 4015 craterem
2124 3969 2246 4011 vox

174 4069 272 4126 est.
348 4061 635 4126 Misceat
657 4060 884 4147 aliquis
912 4082 1082 4140 eum,
1111 4060 1363 4125 dulcem
1394 4052 1611 4142 hymni
1645 4063 1872 4132 vatem,
1901 4087 1996 4102 -ι
2025 4068 2244 4130 argen-
2272 4045 2431 4163 11¹3?-
2456 4051 2534 4095 ¹1·

2279 3523 2446 3574 Duod.
2466 3530 2549 3577 10,

2313 3590 2422 3639 109.

174 4162 378 4252 ‘eisque
407 4162 752 4230 distribuat
772 4162 992 4248 phialis
1008 4171 1329 4248 potentem
1346 4158 1492 4225 vitis
1515 4155 1740 4233 filium,
1756 4173 1915 4237 quas
1929 4148 2243 4236 (piendam

168 4268 461 4354 quadriga
499 4273 721 4354 partas
748 4262 1048 4333 Chromio
1077 4265 1383 4333 miserunt
1393 4257 1775 4328 bene-textis
1793 4274 1949 4318 cum
1967 4249 2251 4318 Letoida
