2925 5150
614 477 745 537 ..μ
1104 518 1109 519 f
1448 460 1909 541 ΡΥΤΗῙΑ.

620 640 891 728 'justam
944 639 1265 726 (rationem
1308 648 1375 703 et
1416 637 1603 722 viam)
1651 634 2018 723 Demophili
2056 635 2304 702 mentis·
2389 632 2742 717 Illessnhn

666 745 828 810 inter
853 764 1072 831 pueros
1092 740 1364 828 juveniS,
1393 740 1458 805 in
1488 739 1756 806 consiliis
1782 761 1924 804 vero
1951 760 2162 819 senex,
2192 736 2368 825 quasi
2407 747 2743 802 assecutus

673 856 1041 912 centennem
1090 845 1301 909 vitam.
1390 842 1597 908 Privat
1644 842 2137 907 maledicentiam
2188 841 2510 928 splendida
2554 861 2747 919 voce,

423 971 539 1024 Ant.
572 968 651 1015 13.
671 947 1006 1033 didicitque
1045 945 1409 1037 injuriosum
1448 946 1651 1010 odisse
1677 983 1767 993 —
1795 968 1923 1010 non
1952 945 2335 1013 contendens
2366 954 2582 1019 contra
2621 946 2750 1007 bo-

506 1035 620 1081 ⁵⁰⁷·
674 1073 810 1132 nos„
834 1070 1034 1136 neque
1063 1050 1509 1134 procrastinans
1538 1069 1670 1113 rem
1698 1050 1929 1127 ullam3
1963 1047 2457 1134 quandoquidem
2491 1055 2750 1134 tempus

675 1163 1097 1242 opportunum
1127 1153 1290 1218 inter
1326 1143 1615 1217 homines
1642 1153 1826 1245 breve
1852 1151 2123 1236 spatium
2155 1150 2339 1214 habet
2368 1140 2548 1232 (rnox
2576 1172 2751 1236 prae-

678 1256 844 1338 terit)
871 1277 889 1328 ς
938 1253 1041 1318 ine
1069 1274 1212 1318 vero
1241 1257 1399 1319 bene
1427 1253 1493 1319 id
1526 1255 1721 1335 novit,
1751 1255 2208 1339 comitaturque
2236 1275 2383 1318 eum
2419 1255 2754 1338 (opportu-

681 1358 868 1440 nitas)
903 1359 1137 1421 famula.
1184 1379 1307 1421 non
1354 1366 1645 1443 tanquam
1691 1356 1970 1441 fugitiva.
2055 1358 2258 1421 Aiunt
2294 1378 2435 1422 vero
2460 1378 2592 1419 esse
2624 1356 2762 1422 hoc
2836 1344 2842 1349 ⁵

687 1459 1217 1540 molestissimum,
1249 1482 1428 1525 nosse
1449 1461 1711 1524 honesta
1745 1462 2069 1545 (bonorum
2101 1480 2350 1525 sensum
2381 1459 2654 1549 habere),
2687 1469 2771 1525 at

617 1647 623 1651 ι
688 1584 768 1626 ex
799 1561 1159 1626 necessitate
1188 1571 1360 1626 extra
1386 1584 1460 1626 ea
1487 1562 1711 1626 habere
1739 1561 1960 1647 pedem
2012 1562 2115 1645 (iis
2160 1565 2412 1642 carere).
2495 1560 2587 1625 Et
2615 1583 2778 1626 sane

690 1666 795 1730 ine
822 1670 1147 1748 (tanquam
1178 1665 1351 1746 alter)
1387 1665 1562 1728 Atlas
1587 1684 1731 1728 cum
1763 1666 1927 1728 coelo
1962 1664 2120 1750 (ita
2102 1685 2231 1749 lpse
2259 1683 2400 1727 cum
2435 1662 2776 1745 aernmnis)

692 1767 1061 1830 colluctatur
1090 1787 1256 1830 nunc
1286 1767 1502 1852 procul
1545 1767 1744 1851 patria
1771 1787 1810 1829 a
1837 1767 2075 1841 tellure,
2107 1777 2172 1829 et
2201 1791 2238 1829 a
2275 1766 2778 1845 possessionibus

408 1940 413 1945 ,
696 1870 841 1935 suis.
930 1864 1165 1930 Solvit
1177 1879 1385 1933 tamen
1421 1866 1675 1953 Jupiter
1716 1867 2081 1943 immortalis
2120 1866 2306 1931 etiam
2357 1866 2660 1932 Titanas·
2707 1880 2784 1936 et

466 1978 561 2059 E?
588 1977 669 2025 ¹³·
696 1979 973 2053 tempore
993 1968 1363 2032 mutationes
1392 1968 1641 2050 (fiunt),
1658 1977 1936 2037 cessante
1966 1979 2174 2049 vento,
2191 1971 2594 2037 -velorum.
2660 1973 2795 2041 Sed

528 2047 643 2092 ⁵²¹
699 2080 900 2157 optat,
932 2067 1274 2154 pernicioso
1330 2068 1544 2132 morbo
1579 2071 1906 2133 exantlato
1954 2071 2223 2167 (exilio),
2248 2071 2494 2137 tandem
2522 2073 2795 2141 domum

699 2173 941 2250 videre3
987 2160 1064 2234 ad
1109 2170 1538 2255 Apollinisque
1577 2172 1821 2234 fontem
1874 2172 2155 2237 convivia
2199 2176 2591 2260 frequentans
2638 2178 2787 2243 ani-

592 2352 605 2373 !
706 2297 884 2341 mum
929 2273 1163 2337 tradere
1201 2269 1468 2356 juvenili
1521 2272 1851 2352 hilaritati;
1913 2295 2206 2360 saepeque
2259 2276 2421 2341 inter
2471 2278 2790 2363 sapientes

709 2379 875 2443 cives
902 2377 1391 2440 affabre-factam
1423 2373 1718 2439 citharam
1744 2386 2014 2459 gestans,
2044 2377 2110 2443 in
2137 2380 2265 2443 otio
2281 2380 2491 2465 quieto
2512 2383 2788 2464 pulsare,

710 2502 828 2544 nec
860 2499 1006 2543 sane
1037 2477 1263 2560 cuique
1303 2476 1608 2541 damnum
1638 2476 1938 2557 inferens,'
1961 2502 2076 2544 nec
2119 2483 2361 2573 patiens
2403 2484 2531 2569 ipse
2558 2505 2594 2546 a
2623 2483 2792 2549 eivi-

710 2584 827 2647 bus
878 2582 1235 2667 quicquam.
1284 2583 1531 2664 „Atque
1579 2589 1714 2645 tum
1776 2585 2129 2666 narraverit,
2175 2588 2421 2669 qualem
2470 2590 2795 2654 Arcesiho

681 2704 685 2708 ’
716 2684 1018 2761 invenerit
1047 2684 1282 2747 fontem
1315 2684 1743 2768 praeclararum
1791 2684 2045 2752 laudum
2078 2709 2327 2769 novum,
2359 2691 2594 2764 Thebis
2637 2693 2794 2768 hos-

716 2790 871 2888 pitio
901 2802 1215 2875 exceptus.

1557 3179 1873 3291 ΡῨΤΗ.
1925 3217 2014 3291 V.

952 3394 1211 3488 Ano
1243 3394 1315 3477 E
1351 3394 1800 3506 slnAo
1864 3399 2574 3499 cYRENAEo‚

1583 3586 1943 3685 cunno.

542 3833 641 3888 stt.
662 3799 1056 3888 1.D1v1·rm
1102 3840 1394 3904 magnam
1424 3819 1550 3883 vim
1598 3818 1847 3902 habent,
1878 3842 2072 3907 quum
2112 3822 2250 3909 quis
2279 3823 2554 3888 mortuis
2583 3823 2821 3892 virtute

732 3927 1105 4012 temperatas
1132 3921 1518 4003 intemerata,
1553 3922 1802 4016 fortuna
1830 3925 2129 4004 tradente,
2159 3925 2384 3990 habeat
2423 3947 2526 3990 eas
2573 3929 2826 3998 multo·

735 4023 1739 4110 mm-amicorum-conciliatrices
1787 4027 2071 4096 comites:
2159 4027 2219 4091 O
2263 4029 2443 4118 beate
2474 4029 2827 4111 Arcesilae,

736 4149 808 4202 tu
839 4131 1077 4215 utique,
1107 4127 1183 4200 ab
1214 4125 1445 4190 inclitae
1478 4124 1678 4189 aetatis
1710 4126 1922 4211 primis
1944 4129 2232 4215 gradibus
2263 4151 2477 4216 usque,
2502 4151 2648 4196 cum
2682 4135 2834 4218 glo·

736 4241 831 4306 ria
856 4257 959 4301 eas
987 4241 1182 4308 tenes»,
1212 4230 1530 4292 voluntate
1570 4234 2168 4298 aureo-curru·vecti
2200 4231 2494 4314 CastoriS,
2524 4236 2833 4310 serenita-

742 4351 872 4416 tem
913 4336 1022 4432 qui
1052 4341 1191 4424 post
1216 4330 1538 4398 hibernam
1569 4334 1899 4422 procellam
1927 4334 1996 4402 in
2038 4344 2150 4403 tua
2196 4337 2432 4422 fulgere
2461 4336 2611 4402 facit
2640 4339 2834 4413 beata
