2925 5150
676 563 757 622 ιο
1424 556 1951 651 οωῑΜΡιΑ.

675 737 1079 812 consequatur
1105 729 1436 815 hymnum,
1456 743 1678 819 nactus
1701 722 1829 799 non
1857 732 2199 797 invidorum
2226 716 2457 797 civium
2486 731 2736 799 amabi-0

443 840 557 891 Ant.
579 828 756 893 alia
794 833 1102 898 earmina?
1128 855 1237 884 ·—
1277 835 1473 920 Atqui
1501 836 1675 915 sciat,
1708 837 1776 899 in
1806 836 1924 898 hoe
1967 836 2173 897 calceo
2212 833 2458 898 felicem
2490 834 2732 919 pedem

671 952 737 994 se
765 932 1005 1015 habere,
1030 936 1132 1019 (ad
1160 957 1225 1000 se
1242 936 1379 1000 haec
1400 937 1728 1021 pertinere)
1756 936 2018 1000 Sostrati
2046 935 2228 1000 filius.
2302 935 2734 1001 Periculorum

671 1055 812 1099 vero
840 1049 1118 1123 expertes
1145 1038 1400 1102 virtutes
1455 1060 1570 1101 nec
1618 1038 1778 1103 inter
1808 1038 2087 1105 homines
2124 1042 2307 1122 (terra
2349 1039 2730 1123 pugnantes)

673 1138 869 1220 pretio
910 1139 1251 1203 habentur:
1298 1138 1509 1202 necin
1540 1140 1818 1204 navibus‘
1838 1140 2039 1219 cavis3
2100 1140 2227 1220 sed,
2273 1141 2637 1223 praeelarum
2661 1137 2740 1201 -si

672 1239 822 1320 quid
849 1260 995 1303 cum
1018 1243 1221 1305 labore
1249 1248 1494 1323 gestum
1517 1239 1723 1321 fuerit,
1756 1239 1937 1304 multi
1964 1238 2097 1325 ejus
2129 1243 2566 1305 meminerunt.
2654 1238 2739 1302 In

675 1348 738 1404 te
765 1361 929 1418 vero,
951 1363 993 1402 o
1022 1341 1266 1424 Agesia‚
1295 1343 1427 1405 laus
1454 1360 1528 1403 ea
1556 1342 1866 1419 convenit,
1888 1361 2075 1425 quam
2109 1340 2276 1427 juste
2316 1342 2466 1405 olim
2506 1339 2744 1403 Adras-

674 1454 777 1506 tus
823 1442 888 1506 in
922 1451 1123 1507 vatem
1171 1442 1483 1507 Oiclidem
1530 1442 1979 1557 Amphiaraum
2024 1463 2127 1506 ore
2174 1444 2580 1527 proloquutus
2621 1448 2746 1519 est,

450 1553 545 1617 Ep.
578 1554 657 1601 23.
673 1562 865 1625 quum
884 1551 1040 1606 terra
1065 1542 1389 1628 ipsumque
1417 1553 1481 1607 et
1499 1542 1773 1625 insignes
1803 1563 1992 1626 equos
2020 1542 2433 1626 absorpsisset.
2454 1577 2545 1593 —
2581 1539 2746 1623 Sep:-

672 1652 797 1706 tem
846 1645 1014 1708 enim
1062 1645 1350 1730 deinceps
1378 1644 1539 1728 rogis
1584 1642 1946 1706 cadaverum
1976 1644 2318 1722 exstructis,
2351 1639 2745 1705 Talaionides

672 1745 1089 1830 pronuntiavit
1132 1747 1293 1830 apud
1334 1746 1584 1811 Thebas
1627 1744 1751 1808 tale
1789 1743 2037 1827 aliquod
2089 1744 2328 1808 dictum
2359 1767 2376 1806 ε
2421 1741 2747 1806 Desidere

676 1847 977 1912 exercitus
1002 1849 1123 1912 mei
1139 1849 1375 1928 lumen,
1391 1850 1736 1934 pariterque
1760 1855 1963 1910 vatem
1988 1866 2113 1910 non
2142 1849 2349 1910 minus
2371 1844 2742 1929 sapientem,

679 1969 864 2032 quam
896 1950 1070 2015 hasta
1110 1950 1443 2036 pugnando
1486 1951 1729 2013 fortem.
1819 1945 2003 2016 Quod
2049 1945 2211 2011 idem
2243 1968 2409 2010 nunc
2441 1944 2737 2008 convenit

679 2044 743 2116 in
775 2044 991 2136 hy'mni
1021 2051 1143 2117 mei
1164 2053 1412 2118 heroem
1441 2052 1918 2137 Syracusanum,
1948 2049 2133 2135 idque
2164 2050 2222 2113 ei
2251 2068 2445 2134 neque
2468 2055 2742 2111 conten-

680 2153 871 2219 tiosus
920 2176 1040 2237 ego
1098 2175 1295 2239 neque
1354 2153 1683 2219 admodum
1741 2150 2001 2231 rixosus,
2060 2172 2290 2235 magno
2336 2146 2744 2236 jurejurando

681 2256 1040 2340 interposito
1094 2257 1322 2321 diserte
1378 2258 1684 2320 testabort
1729 2253 1936 2317 modo
1984 2254 2325 2318 mellisonae
2383 2251 2750 2337 permittant

488 2349 596 2465 5ἑ7·
602 2352 657 2401 ²·
680 2358 909 2423 Musae.
977 2394 1063 2405 —
1106 2356 1314 2441 Junge
1373 2356 1528 2420 mihi
1575 2354 1732 2441 jam,
1779 2376 1819 2416 o
1863 2352 2128 2433 Phintis,
2187 2356 2374 2418 robur
2429 2355 2746 2417 mularum

684 2481 872 2545 quam
904 2459 1235 2537 celerrime,
1265 2467 1334 2521 ut
1360 2479 1468 2543 per
1489 2459 1649 2523 viam
1680 2467 1995 2543 patentem
2017 2457 2240 2521 ducam
2265 2477 2535 2535 currum,
2561 2454 2744 2518 veni-

686 2583 909 2647 amque
932 2561 1008 2626 ad
1036 2552 1342 2624 victorum
1373 2560 1558 2625 etiam
1588 2559 1864 2645 stirpem.
1957 2559 2092 2624 111ae
2120 2558 2284 2623 enim
2315 2579 2444 2642 proe
2465 2558 2596 2623 aliis
2622 2555 2750 2622 du-

689 2685 791 2729 ces
819 2663 937 2728 viae
964 2661 1147 2748 hujus
1175 2685 1306 2728 esse
1337 2672 1586 2742 norunt,
1618 2681 1870 2728 coronas
1900 2664 2212 2749 Olympias
2235 2659 2749 2746 quandoquidem

685 2774 1088 2851 reportarunt.
1178 2764 1675 2830 Consentaneum
1721 2766 1926 2850 itaque
1969 2774 2062 2829 est
2116 2771 2318 2850 portas
2373 2763 2752 2847 hymnorum

686 2872 1026 2954 patefacere
1057 2867 1242 2954 ipsis3
1289 2868 1364 2933 ad
1397 2867 1678 2934 Pitanam
1708 2859 1915 2933 autem
1954 2866 2141 2953 juxta
2161 2865 2434 2930 -Eurotae
2466 2873 2758 2929 meatum

461 2972 579 3023 Ant.
619 2976 667 3022 Ξ·
685 2975 927 3051 oportet
972 2965 1150 3030 hodie
1192 2967 1397 3030 venire
1440 2965 1822 3050 tempestive,
1855 2997 1944 3013 —
1986 2986 2130 3049 quae
2162 2985 2198 3026 a
2228 2964 2527 3048 Neptuno
2557 2980 2755 3024 corn-

526 3041 608 3086 48‘
685 3088 893 3150 pressa
943 3066 1232 3129 Saturnio
1283 3066 1507 3128 dicitur
1564 3065 1754 3128 filiam
1817 3065 2101 3130 violaceis
2158 3065 2388 3151 capillis
2442 3059 2758 3128 Evadnen

686 3167 1028 3250 peperisse3
1085 3169 1246 3229 clam
1293 3175 1501 3230 autem
1550 3176 1887 3249 gestaverat
1936 3168 2277 3252 virgineum
2332 3169 2528 3230 fetum
2580 3164 2758 3246 sinu,

678 3265 966 3351 justoque
997 3288 1208 3331 mense
1235 3265 1461 3331 editam
1507 3267 1806 3332 infantem
1838 3271 2099 3333 famulas
2133 3267 2321 3355 jussit
2364 3264 2756 3332 educandam

689 3369 920 3434 tradere
951 3370 1116 3434 heroi
1145 3368 1311 3433 Elati
1340 3369 1490 3449 filio,
1520 3370 1628 3454 qui
1657 3372 1999 3438 Arcadibus
2023 3372 2360 3456 imperabat
2400 3368 2757 3452 Phaesanae,

689 3472 1054 3559 sortitusque
1082 3476 1277 3538 fuerat
1300 3473 1611 3558 Alpheum
1639 3478 1930 3540 accolere.
2020 3476 2118 3540 Ibi
2146 3474 2425 3550 educata,
2448 3472 2525 3534 ab
2549 3469 2757 3556 Apol-

500 3573 597 3685 Εὲὁ
627 3578 678 3623 2·
689 3573 815 3637 line
833 3596 1182 3661 compressa
1201 3574 1446 3640 dulcem
1466 3574 1738 3660 primum
1758 3577 2104 3662 degustavit
2124 3574 2456 3646 Venerem.
2483 3611 2572 3622 —
2601 3573 2750 3638 Ne-

599 3671 612 3686 ’
690 3696 808 3760 que
834 3680 1013 3744 latuit
1041 3678 1341 3762 AEpytum
1372 3678 1546 3742 omni
1578 3687 1872 3763 tempore,
1925 3680 2150 3763 (utero)
2209 3698 2345 3741 eam
2389 3677 2583 3739 celare
2639 3675 2753 3740 dei

690 3781 963 3864 prolem3
1009 3781 1115 3846 sed
1144 3780 1195 3843 is
1223 3780 1471 3864 quidem
1503 3779 1713 3843 animo
1743 3784 2154 3868 comprimens
2182 3780 2332 3843 iram
2365 3777 2746 3844 ineffabilem

690 3882 915 3946 sollerti
944 3884 1198 3948 consilio
1240 3881 1587 3966 Pythonem
1633 3882 1783 3947 abiit
1824 3885 2137 3949 oraculum
2184 3879 2579 3944 consulturus
2623 3879 2748 3945 hoc

688 3983 765 4072 de
795 3984 1172 4050 intolerando
1200 4005 1365 4050 casu.
1451 3982 1568 4046 Illa
1606 4003 1748 4048 vero
1790 3981 2613 4069 punicea-trama-intextam
2635 4004 2748 4046 zo-

693 4109 835 4153 nam
883 4088 1194 4173 deponens
1236 4107 1575 4169 urnamque
1618 4096 1992 4172 argenteam,
2038 4084 2260 4149 dumos
2308 4082 2468 4147 inter
2517 4105 2756 4167 opacos

689 4191 928 4277 peperit
955 4192 1230 4257 divinum
1262 4210 1560 4272 puerum3
1591 4189 1740 4252 dum
1773 4188 2142 4253 Auricomus
2168 4185 2377 4250 adesse
2405 4185 2462 4247 ei
2480 4184 2751 4268 jusserat

499 4308 594 4356 Str.
624 4309 675 4355 3.
692 4295 1113 4379 placidamque
1133 4292 1433 4357 Lucinam
1459 4291 1819 4378 Parcasque.
1861 4330 1950 4340 —
1993 4290 2227 4355 Prodiit
2249 4289 2439 4373 igitur
2461 4307 2540 4349 ex
2565 4297 2747 4354 utero

534 4376 613 4421 ⁷³
693 4408 870 4481 partu
913 4396 1159 4463 amabili
1206 4395 1413 4461 statim
1460 4394 1526 4459 in
1581 4396 1781 4460 lucem
1829 4393 2090 4474 Jamus3
2135 4413 2320 4478 quem
2367 4389 2471 4455 illa
2497 4390 2760 4476 quidem
