2925 5150
1015 566 1147 628 CA
1171 560 1488 628 RMEN
1531 552 1648 626 rx,
2259 557 2333 637 ιχ

243 742 382 803 tem
415 736 612 802 filiam
668 734 930 800 Famam
983 734 1096 809 ubi
1126 726 1389 797 audierit
1414 731 1668 817 Iphion,⁴
1684 728 1923 822 nuntiet
1951 726 2334 793 Callimacho

243 837 658 922 splendidum
689 835 879 900 decus
906 834 1254 918 Olympiae,
1284 834 1447 919 quod
1481 832 1746 917 ipsorum
1782 830 2044 914 praebuit
2084 826 2125 894 J
2135 829 2336 913 upiterg

238 940 542 1003 familiae.
586 938 766 1002 Bona
792 948 993 1001 autem
1019 936 1200 1001 bonis
1231 938 1473 1001 utinam
1502 937 1706 1021 addat,
1732 945 2069 1015 acutosque
2085 933 2331 995 morbos

240 1034 603 1125 propulset!
680 1041 873 1125 Opto,
903 1042 1171 1105 fortunae
1203 1039 1496 1103 secundae
1547 1038 1846 1103 Nemesin
1904 1037 2193 1099 infestam
2256 1053 2333 1094 ne

239 1140 439 1205 addat
454 1163 477 1219 3
523 1140 628 1205 sed
660 1142 965 1207 malorum
995 1156 1319 1227 expertem
1351 1140 1626 1205 adferens
1655 1139 1872 1219 vitam,
1901 1139 2196 1222 ipsosque
2224 1156 2331 1199 eu·

238 1250 451 1314 mulet
478 1258 543 1313 et
573 1251 813 1316 urbem.

1655 1477 1821 1486 t—

973 1635 1573 1716 OLYMP.1X.

377 1822 1398 1943 EPHARMosTo
1471 1772 2175 1926 οΡυΝΤιο,

1005 2044 1579 2106 LUCTATORI.

242 2247 698 2337 Ancmmcm
744 2265 990 2353 quidem
1042 2266 1309 2349 hymnus
1361 2286 1649 2349 canorus,
1696 2266 2034 2337 Callinicus
2079 2271 2323 2357 triplex,
2346 2266 2443 2316 Sst·
2471 2266 2515 2317 ¹·

241 2376 607 2440 decantatus
655 2368 904 2434 suffecit
951 2367 1264 2454 Olympiae
1316 2367 1684 2435 Saturnium
1732 2373 1897 2457 apud
1949 2375 2197 2454 collem,
2241 2374 2320 2438 ad

242 2472 645 2564 praeeundum
700 2469 1591 2555 sollemni-pompa-incedenti
1638 2471 2058 2558 Epharmosto
2101 2476 2322 2563 amicis

248 2602 382 2645 eum
436 2574 644 2641 sociis.
749 2572 981 2640 Verum
1042 2593 1208 2637 nunc
1285 2574 1607 2659 (quoque)',
1666 2575 2315 2664 longe-jaculantium

250 2682 571 2746 Musarum
598 2679 675 2741 ab
704 2695 874 2756 arcu,
918 2676 1089 2740 hisee
1133 2674 1373 2759 sagittis
1418 2675 1767 2763 Jovemque
1796 2682 2313 2746 rutila-fulmina-

244 2780 653 2870 jaculantem,
667 2777 1202 2860 venerandumque
1227 2787 1371 2861 pete
1385 2782 1874 2861 promontorium
1902 2782 2124 2860 Elidis,
2148 2781 2316 2866 quod

248 2881 399 2950 olim
423 2880 641 2965 Lydus
668 2880 842 2946 heros
886 2875 1113 2961 Pelops
1142 2877 1407 2960 aceepit,
1437 2880 1873 2960 pulcerrimam
1903 2883 2114 2945 dotem
2149 2881 2320 2964 Hip·

240 2979 702 3070 podamiae.-
611 2980 989 3043 ——Alatam
1037 2983 1245 3038 autem
1292 2973 1471 3036 mitte
1489 2971 1888 3058 jucundam
1869 2999 1937 3040 ιιι
1969 2977 2318 3061 Pythonem
2347 2987 2422 3037 Aa
2426 2996 2460 3037 t.
2484 2992 2566 3040 ιτ.

239 3085 547 3173 sagittam.
638 3069 1097 3168 Nequaquam
1102 3079 1327 3143 'inanes
1378 3078 1589 3142 laudes
1647 3077 1915 3163 attinges
1967 3078 2078 3144 viri
2134 3099 2320 3164 super

237 3190 419 3256 luetis
460 3185 760 3250 citharam
810 3201 1071 3249 movens
1114 3183 1291 3248 clara
1315 3202 1393 3245 ex
1422 3182 1701 3268 Opunte,
1733 3183 1988 3250 laudans
2029 3182 2224 3269 ipsam
2251 3192 2318 3248 et

238 3291 433 3357 filium
475 3288 765 3381 (civem2,
796 3306 985 3371 quam
1014 3282 1276 3348 Themis
1324 3281 1571 3367 filiaque
1612 3281 1747 3370 ejus
1792 3284 2102 3351 Servatrix
2141 3297 2314 3352 tenet

242 3394 549 3479 gloriosa
546 3389 884 3456 Eunomia.
972 3386 1181 3452 Floret
1218 3396 1428 3454 autem
1484 3373 1907 3474 (certantium)
1962 3390 2314 3472 virtutibus,

222 3495 527 3584 -Csstaliae
557 3493 783 3579 pariter
826 3503 1009 3577 atque
1038 3489 1115 3556 ad
1158 3491 1386 3576 Alphei
1415 3495 1685 3558 flumen.
1735 3494 1902 3559 unde
1933 3513 2180 3562 coronae
2209 3495 2314 3560 in-

243 3599 443 3664 clitam
522 3597 872 3662 Locrorum
931 3596 1239 3659 extollunt
1297 3604 1558 3661 matrem
1616 3597 1962 3681 pult-rarum
2022 3599 2309 3664 arborum

239 3703 521 3767 feracem.
563 3737 657 3750 —-
699 3696 844 3783 Ego
888 3707 1093 3761 autem
1128 3717 1330 3762 caram
1379 3699 1592 3763 urbem
1634 3700 1810 3764 claris
1837 3700 2148 3766 illustrans
2175 3722 2307 3766 ear-
2338 3718 2430 3783 Ep.
2461 3717 2548 3765 33.

236 3804 531 3885 minuma,
538 3811 627 3867 et
652 3798 841 3866 feroci
883 3820 1042 3883 equo
1086 3797 1270 3864 eitius
1311 3808 1376 3864 et
1418 3822 1572 3865 nave
1615 3801 1774 3865 alata
1813 3823 2311 3890 quoquoversum

239 3907 527 3972 nuntium
561 3887 811 3970 mittam
842 3903 1052 3967 hunc.
1098 3901 1150 3965 si
1182 3902 1366 3967 modo
1393 3902 1601 3968 divina
1629 3904 1892 3989 quadam
1925 3928 2042 3992 ope
2067 3905 2316 3991 adjutus

230 4008 529 4073 eximium
550 4007 903 4073 Gratiarum
926 4004 1305 4090 (Musarum)
1336 4007 1475 4071 eolo
1490 4007 1763 4074 hortum.
1811 4006 1945 4071 111ae
1962 4008 2131 4072 enim
2155 4025 2319 4090 proe-

234 4110 369 4174 bere
421 4112 631 4176 solent
665 4108 970 4195 jucunda.
1056 4106 1221 4171 Boni
1264 4119 1476 4174 autem
1521 4119 1588 4174 et
1614 4109 1924 4194 sapientes
1951 4108 2062 4172 viri
2109 4106 2321 4171 divino

235 4233 607 4278 munere—
638 4211 770 4276 fieri
814 4212 1035 4276 solent.
1122 4207 1639 4298 Quandoquidem
1683 4208 1998 4295 quomodo
2042 4207 2319 4273 tridenti·
2345 4218 2425 4267 Str
2458 4223 2505 4270 τ.

235 4312 543 4380 adversam
609 4313 929 4380 Hercules
990 4313 1223 4377 clavam
1283 4315 1578 4382 vibrasset
1639 4309 1950 4382 manibus,
1995 4326 2195 4396 quum
2243 4308 2322 4372 ad
2379 4285 2460 4331 ⁴³

238 4412 453 4497 Pylum
483 4428 661 4483 stans
688 4417 1077 4504 obniteretur
1091 4415 1146 4478 ei
1165 4414 1543 4504 Neptunus?
1586 4409 2107 4491 obnitebaturque
2123 4409 2324 4476 eidem

403 4540 547 4588 vor„
602 4541 678 4584 11.
1253 4539 1300 4583 D
