2925 5150
878 452 1349 521 'CARMEN
1390 453 1478 520 V.
2140 464 2225 523 45

150 633 376 700 domo.
417 668 503 680 ·--
546 627 879 714 Sapientes
904 647 1051 689 vero
1089 625 1363 710 pulcrius
1407 626 1620 705 (bene)
1650 628 1867 717 ferunt
1905 627 2232 694 divinitus·
2262 663 2373 711 Ant.
2397 663 2479 712 15.

154 737 341 801 datas
364 755 537 818 opes.
623 727 725 791 Te
767 745 912 790 vero
954 725 1347 789 incedentem
1380 725 1443 790 in
1465 724 1704 811 justitia
1733 750 1955 812 magna
1980 732 2238 797 felicitas

152 835 590 923 amplectitur,
618 837 760 894 tum
790 829 936 913 quia
962 849 1068 891 rex
1097 849 1163 892 es
1194 850 1561 912 magnarum
1605 822 1880 911 urbium,
1910 835 2240 920 oculusque

150 937 552 1023 congenitus
586 933 673 1016 (b.
717 951 773 994 e.
819 932 989 1013 tuus)
1024 949 1153 1013 prae
1197 952 1265 994 se
1292 933 1409 995 fert
1454 933 1865 998 venerandam
1912 935 2070 999 hanc
2114 959 2246 999 ma·

141 1040 464 1126 jestatem
509 1057 647 1100 cum
690 1032 1017 1119 prudentia
1057 1041 1164 1095 tua
1209 1029 1611 1118 conjunctam
1631 1059 1652 1114 3
1699 1044 1833 1100 tum
1867 1057 2010 1101 vero
2036 1038 2248 1100 beatus

150 1145 365 1209 etiam
398 1135 566 1205 n'unc
588 1160 673 1219 es,
702 1136 967 1222 gloriosa
989 1135 1153 1220 quod
1176 1135 1497 1201 victoriam
1518 1136 1656 1223 jam
1690 1138 1752 1203 in
1775 1139 2076 1224 Pythiade
2095 1139 2251 1223 (Py-

150 1246 340 1313 thico
363 1241 654 1323 sollenni)
690 1238 863 1325 equis
892 1237 1149 1323 adeptus
1166 1238 1394 1323 accipis
1412 1239 1655 1304 huncce
1681 1241 1927 1306 victoris
1943 1263 2247 1327 pompam

160 1349 510 1414 ducentem
533 1344 804 1408 virorum
834 1341 1158 1427 hymnum,
1174 1379 1273 1407 ,--
1301 1342 1702 1428 Apollineum
1722 1344 2057 1409 ludicrum.
2145 1344 2247 1409 Id·
2279 1354 2371 1421 Ep.
2403 1361 2452 1407 1.

166 1451 341 1518 circo
395 1470 476 1514 ne
527 1446 926 1528 obliviscaris,
985 1446 1051 1510 in
1113 1444 1373 1530 Cyrene,
1427 1449 1717 1531 pulcrum
1778 1449 1944 1543 circa
1999 1448 2247 1513 hortum
2306 1426 2389 1473 ²⁹·

163 1551 454 1632 Veneris,
485 1552 861 1616 celebratum
901 1549 1106 1634 (illud)
1128 1574 1147 1612 ι
1191 1549 1404 1614 omnia
1429 1549 1679 1634 quidem
1716 1551 1794 1615 ad
1824 1551 2008 1616 deum
2034 1561 2249 1617 aucto·

167 1678 305 1722 rem
334 1655 576 1719 referre.
662 1652 898 1716 Amato
925 1671 1068 1715 vero
1099 1646 1468 1717 Carrhotum
1515 1652 1744 1716 eximie
1786 1653 1948 1719 inter
1977 1654 2208 1718 amicos
2228 1679 2247 1714 ε

171 1758 286 1845 qui
320 1777 453 1820 non
477 1754 833 1839 Epimethei
876 1775 1092 1819 secum
1136 1755 1369 1838 habens
1396 1754 1859 1841 sero-sapientis
1891 1756 2082 1821 filiam
2113 1756 2250 1820 Ex-

176 1856 578 1923 cusationem
616 1855 1002 1922 Battidarum
1048 1856 1326 1942 pervenit
1355 1857 1431 1947 ad
1459 1857 1677 1922 domos
1697 1856 2249 1943 jura-colentium3

176 1959 296 2027 sed
330 1979 545 2023 currus
572 1956 919 2035 victorialis,
947 1959 1024 2023 ad
1055 1980 1280 2044 aquam
1314 1958 1599 2024 Castaliae
1631 1944 1897 2046 hospitio
1937 1971 2256 2047 exceptus,

182 2060 524 2151 praemium
558 2060 852 2145 imposuit
893 2060 1017 2125 tuis
1062 2061 1285 2141 comis,
1312 2099 1403 2109 --
1447 2061 1630 2125 salvis
1673 2062 1929 2126 habenis
1959 2085 2261 2149 equorum
2286 2079 2382 2127 Str.
2406 2082 2455 2127 2.

185 2164 503 2229 velocium
523 2153 1523 2229 duodecim-cursus-emensorum
1545 2165 1609 2227 in
1627 2184 1849 2250 campo
1866 2187 2059 2230 sacre.
2120 2166 2267 2230 Fre·
2320 2145 2406 2191 ‘¹³’

184 2268 280 2353 git
290 2266 462 2332 enim
481 2266 1044 2331 instrumentorum
1059 2269 1253 2331 robur
1266 2268 1534 2347 nullum,
1552 2267 1659 2332 sed
1678 2268 1955 2352 pendent
1973 2269 2273 2349 dedicata,

186 2389 584 2463 quascunque
610 2368 1268 2433 manu-fabricantium
1293 2370 1601 2433 fabrorum
1633 2356 1817 2452 opera
1840 2371 2096 2434 afferens
2140 2370 2276 2435 Cri-

197 2493 391 2537 saeum
428 2471 657 2535 collem
701 2477 1138 2553 praetervectus
1168 2479 1281 2549 est,
1312 2469 1377 2532 in
1408 2490 1560 2533 cavo
1590 2472 1754 2534 saltu
1799 2470 1964 2551 Dei3
2014 2474 2273 2539 totidem

207 2572 397 2656 (baec)
441 2582 615 2636 tenet
664 2571 1018 2656 cupressina
1055 2572 1243 2651 trabs,
1274 2569 1353 2636 ad
1384 2581 1651 2638 statuam
1694 2594 1907 2660 prope,
1954 2574 2278 2643 Cretenses

203 2696 394 2759 quarn
427 2675 718 2759 sagittarii
750 2675 816 2739 in
849 2677 1082 2760 templo
1105 2674 1429 2740 Parnassio
1456 2678 1857 2759 collocarunt,
1889 2682 2075 2746 unius
2100 2685 2278 2746 arbo·

204 2777 297 2842 ris
324 2786 641 2862 tmncum.
678 2817 765 2828 —
805 2777 1121 2844 Benevola
1146 2778 1351 2862 itaque
1377 2779 1557 2843 decet
1587 2791 1796 2845 mente
1827 2785 2277 2848 benefactorem
2303 2813 2484 2864 Aug,

198 2878 502 2965 excipere.
589 2880 681 2945 Te
718 2901 887 2961 vem,
917 2902 959 2944 ο
994 2871 1270 2944 A‘lexibii
1311 2879 1422 2958 fili,
1459 2878 1833 2964 (Carrhote,)
1881 2883 2283 2972 pulcricomfe
2338 2880 2420 2930 ⁵⁷·

196 2981 516 3047 illustrant
546 2982 783 3048 Gratias
818 2981 1037 3067 (Musa
1064 2981 1308 3068 lyrica),
1339 2975 1559 3045 beatus
1588 2982 1699 3065 qui
1724 2982 1913 3046 habes
1936 2982 2125 3048 etiam
2145 2995 2289 3069 post

203 3105 501 3169 magnum
532 3086 803 3151 laborem
834 3084 1182 3150 carminum
1213 3083 1869 3170 proestantissimorum
1904 3106 2285 3152 monumen-

199 3193 361 3251 tum.
449 3186 623 3252 Inter
665 3186 1070 3272 qnadraginta
1114 3186 1285 3252 enim
1338 3189 1544 3272 lapsos
1589 3187 1831 3271 aurigas
1862 3196 1935 3253 tu
1962 3187 2280 3273 integrum

206 3308 453 3354 currum
501 3299 820 3374 reportans
875 3288 1180 3374 intrepido
1220 3289 1433 3353 animo
1485 3288 1714 3353 rediisti
1762 3287 1893 3373 jam
1948 3290 2014 3355 in
2066 3290 2288 3377 Libyae

205 3409 495 3475 eampum
528 3412 610 3454 ex
638 3389 978 3476 splendidis
1007 3391 1453 3455 certaminibus
1495 3390 1881 3475 patriamque
1912 3394 2150 3459 urbem.
2195 3434 2286 3474 -.-

206 3490 517 3556 Labor-um
546 3513 695 3558 vero
719 3513 906 3557 nemo
934 3512 1140 3556 exsors
1171 3501 1266 3555 est
1297 3512 1505 3576 neque
1535 3491 1670 3556 erit.
1759 3492 1935 3557 Batti
1978 3516 2121 3560 vero
2143 3519 2280 3583 per-
2312 3523 2467 3591 Epod.
2485 3526 2535 3574 2.

210 3602 417 3657 manet
445 3593 648 3678 prisca
676 3595 954 3669 felicitas,
984 3592 1051 3657 in
1087 3603 1343 3678 utraque
1364 3594 1515 3659 licet
1535 3596 1784 3658 fortuna
1798 3618 1820 3675 3
1852 3615 2285 3682 propugnacu-
2358 3593 2444 3642 ⁷¹·

207 3689 341 3759 lu'm
387 3696 583 3776 urbis,
613 3698 954 3782 lumenque
997 3696 1413 3761 clarissimum
1457 3694 1822 3780 hospitibus.
1910 3698 2093 3766 Illum
2140 3723 2288 3766 sane
2317 3696 2334 3704 ’

204 3803 271 3858 et
300 3797 656 3865 frendentes
694 3801 906 3863 leones
952 3820 1079 3884 prae
1108 3800 1331 3863 timore
1376 3796 1695 3881 fugerunt,
1723 3797 1998 3882 linguam
2043 3804 2292 3889 quando

204 3896 330 3962 inis
350 3900 563 3965 attulit
592 3901 1092 3967 transmarinam.
1177 3901 1348 3966 Nam
1381 3909 1596 3965 auctor
1624 3901 1889 3965 coloniae
1911 3902 2293 3970 deducendae

202 3998 376 4065 dedit
405 4004 637 4088 Apollo
663 4004 891 4068 bestias
920 4003 1086 4088 gravi
1118 4003 1334 4081 metui,
1372 4010 1438 4067 ut
1482 4024 1562 4067 ne
1604 4003 1825 4067 rectori
1857 4003 2126 4087 Cyrenes
2157 4005 2292 4068 irri-

200 4111 313 4166 tus
339 4101 514 4170 fieret
535 4105 603 4169 in
636 4104 923 4169 oraculis.
965 4143 1054 4154 —
1097 4103 1224 4174 Qui
1248 4114 1311 4169 et
1336 4104 1623 4189 gravium
1646 4093 2001 4170 modiorum
2024 4104 2293 4171 remedia
2316 4141 2413 4189 32...
2438 4144 2492 4190 3,

203 4203 351 4270 viris
394 4215 458 4270 et
504 4206 883 4274 mulieribus
934 4206 1264 4288 distribuit,
1311 4209 1668 4291 praebetque
1720 4204 2042 4281 citharam,
2068 4203 2310 4294 ‹la-tque,
2353 4211 2435 4256 ⁸5·

205 4304 460 4375 Musam
486 4310 975 4398 quibuscunque
999 4309 1280 4390 voluerit,
1306 4308 1616 4394 placidam
1651 4307 1716 4369 in
1740 4304 2024 4385 animum
2056 4303 2293 4372 immit-

206 4415 345 4480 teus
371 4411 902 4504 tranquillitatem
921 4433 942 4490 3
990 4419 1360 4496 antrumque
1404 4408 1566 4492 regit
1608 4403 1961 4479 fatidicum,
1993 4425 2100 4488 per
2128 4412 2299 4489 quod
