2925 5150
1633 484 2053 557 NEMEA.

768 680 938 745 fortis
967 678 1130 766 Ajax
1159 677 1560 744 transfixisset
1579 700 1698 766 per
1715 688 1935 765 pectus
1949 681 2172 744 loevem
2190 700 2402 746 ensem
2430 704 2451 760 3
2498 701 2692 768 quem
2718 682 2845 748 for-

762 784 1093 863 tissimum,
1123 783 1371 849 Aehme
1401 793 1690 871 excepto,
1722 783 1799 848 ad
1827 782 2241 848 reducendam
2264 784 2428 848 bello
2450 785 2592 849 flavi
2610 785 2846 850 Mene·

759 886 839 950 lai
870 886 1197 973 conjugem
1229 888 1543 968 velocibus
1597 888 1661 950 in
1696 888 1951 951 navibus
2005 887 2305 953 miserunt
2350 888 2843 973 recta-spirantis

541 987 735 1102 Ana-42·
761 988 1033 1074 Zephyri
1065 1012 1231 1054 auree
1259 1030 1346 1039 —
1376 990 1451 1054 ad
1486 989 1561 1053 lli
1602 990 1836 1055 urbem.
1911 989 2249 1054 Enimvero
2280 990 2636 1055 communis
2667 990 2841 1055 venit

686 1090 701 1106 '
758 1094 985 1156 fluctus
1018 1093 1167 1155 Orci
1199 1092 1488 1177 caditque
1522 1091 1588 1154 in
1618 1094 1740 1154 non⁴
1773 1102 2232 1176 exspectantem
2263 1093 2487 1178 pariter
2503 1102 2693 1178 atque
2724 1114 2834 1156 ex·

754 1209 1163 1279 spectantem.
1210 1196 1425 1260 Gloria
1460 1216 1601 1259 vero
1625 1195 1934 1277 contingit
1993 1196 2250 1259 mortuis
2281 1196 2682 1261 bellatoribus
2735 1196 2831 1274 iis,

753 1320 1014 1382 quorum
1050 1300 1276 1362 famam
1312 1299 1559 1362 dulcem
1589 1299 1756 1361 fovet
1785 1298 1936 1363 deus
1968 1298 2241 1378 (Musa).
2276 1297 2632 1387 Etenimad
2653 1321 2829 1385 mag-

750 1420 902 1462 num
938 1400 1302 1463 umbilicum
1337 1400 1608 1463 sinuosae
1633 1409 1812 1464 terrae
1837 1402 2146 1484 profectus
2177 1399 2245 1463 in
2295 1398 2536 1485 Pythiis
2588 1401 2832 1486 campis

672 1516 677 1521 ·
737 1497 905 1585 jacet
938 1502 1412 1589 Neoptolemus,
1446 1501 1673 1566 Priami
1705 1505 1919 1567 urbem
1950 1506 2286 1587 postquam
2313 1502 2528 1567 evertit
2539 1525 2558 1577 3
2602 1502 2680 1566 de
2708 1523 2836 1587 qua

752 1614 815 1667 et
845 1603 1050 1668 Danai
1078 1607 1451 1669 laborarunt.
1513 1603 1629 1667 Ille
1660 1625 1801 1667 vero
1828 1604 2192 1689 renavigans
2221 1630 2258 1670 a
2276 1605 2471 1689 Scyro
2507 1606 2832 1687 aberravit,

553 1730 648 1794 EP—
681 1738 729 1782 2.
751 1718 1174 1792 veneruntque
1200 1709 1266 1772 in
1298 1707 1614 1793 Ephyram
1648 1694 1947 1773 erroribus
1994 1707 2138 1772 acti.
2168 1747 2258 1758 —-
2284 1706 2456 1771 Tum
2504 1709 2828 1774 Molossiae

608 1798 693 1848 ⁵⁶·
749 1812 1072 1896 imperavit
1104 1816 1283 1877 breve
1313 1822 1560 1897 tempus
1587 1836 1606 1891 3
1654 1812 1767 1876 etsi
1792 1810 2116 1896 posteritas
2145 1808 2280 1896 ejus
2303 1832 2544 1896 semper
2573 1810 2832 1876 retinuit

748 1913 871 1978 hoc
911 1914 1097 1979 decus
1148 1916 1465 2000 (regnum)
1490 1938 1512 1995 3
1558 1915 1688 2000 ipse
1735 1925 1946 1978 autem
1995 1915 2304 1999 profectus
2362 1922 2455 1977 est
2502 1912 2581 1977 ad
2628 1913 2839 1992 deum,

692 2037 893 2103 opes
922 2016 1230 2081 advehens
1261 2040 1295 2081 e
1320 2016 1509 2104 Troja
1540 2015 2011 2081 manubiarum:
1995 2015 2143 2079 ·ubi
2177 2024 2435 2102 propter
2464 2036 2842 2080 carneseum

543 2124 637 2175 St·-
602 2131 715 2242 63⁵3
740 2141 958 2206 pugna
985 2142 1383 2205 congressum
1415 2121 1726 2185 transfixit
1753 2120 1845 2183 vir
1873 2119 2101 2204 gladio.
2134 2161 2225 2171 -
2260 2120 2622 2183 Doluerunt
2649 2118 2826 2182 valde

602 2194 978 2307 &Delphi
1033 2223 1389 2308 hospitales.
1449 2223 1538 2285 At
1584 2221 1751 2308 quod
1799 2220 1863 2284 in
1915 2221 2055 2286 fatis
2103 2232 2253 2301 erat,
2308 2222 2466 2306 (ille)
2517 2223 2820 2286 exsolvit·
2799 2267 2823 2300 ,

733 2329 1052 2410 oportebat
1080 2325 1250 2389 enim
1281 2324 1667 2410 quendam,
1651 2346 1714 2387 m
1746 2326 1893 2387 luco
1933 2325 2378 2404 vetustissimo,
2409 2323 2816 2391 AEacidarum

730 2450 947 2513 regum
979 2428 1042 2491 in
1070 2437 1384 2513 posterum
1426 2448 1559 2491 esse
1587 2425 1688 2491 dei
1706 2424 1891 2511 juxta
1920 2426 2424 2491 bene-munitam
2456 2426 2677 2504 aedem,
2722 2436 2816 2506 et,

731 2526 996 2596 heroicis
1021 2530 1456 2620 sacrificiorum
1501 2530 1749 2617 pompis
1799 2529 2108 2615 inspector
2161 2541 2231 2595 ut
2284 2538 2461 2610 esset,
2512 2527 2819 2610 habitare,

729 2641 1018 2698 sanctum
1049 2634 1124 2698 ad
1143 2632 1250 2719 jus
1280 2634 1795 2699 observandum*.
1870 2633 2022 2698 Tria
2051 2636 2232 2699 verba
2261 2633 2591 2698 sufficiant.
2651 2632 2813 2696 Non

614 2723 620 2732 ’
726 2732 994 2798 ‘mendax
1025 2733 1128 2796 ille
1154 2732 1325 2796 testis
1356 2735 1540 2798 rebus
1570 2733 1753 2796 sacris
1784 2740 2036 2817 praeest.
2123 2732 2434 2812 Tuorum,
2463 2755 2503 2797 ο
2548 2731 2811 2817 AEgina,

722 2835 1020 2921 Jovisque
1051 2846 1346 2925 nepotum
1378 2837 1582 2901 audax
1633 2838 1782 2901 satis
1822 2836 2068 2900 animus
2110 2837 2214 2901 hic
2263 2836 2415 2908 mihi
2463 2847 2558 2901 est
2609 2836 2816 2901 dicere

466 2927 476 2990 .'
503 2930 700 3045 ⁸⁰25?-
720 2978 810 2989 -
838 2940 1177 3006 illustribus
1205 2939 1539 3004 virtutibus
1566 2939 1878 3025 proprium
1913 2959 2160 3003 carmen
2193 2937 2545 3003 domesticis
2571 2942 2638 3016 †.
2725 2939 2817 3006 At

720 3043 887 3108 enim
922 3042 1191 3107 modus
1175 3063 1237 3105 ιιι
1266 3042 1439 3105 omni
1471 3064 1535 3104 re
1557 3043 1792 3106 dulcis·
1772 3089 1793 3121 ,
1840 3041 2280 3125 fastidiumque
2310 3048 2475 3103 creat
2496 3047 2560 3103 et
2585 3042 2722 3105 mel
2747 3050 2813 3105 et

720 3166 935 3208 suaves
966 3146 1141 3207 flores
1168 3142 1455 3206 Venerei.
1502 3144 1718 3208 Indole
1748 3164 1891 3208 vero
1921 3143 2181 3208 naturali
2212 3142 2441 3229 singuli
2459 3141 2815 3208 differimus

724 3247 791 3311 in
823 3246 973 3326 vita,
1005 3246 1204 3309 sortiti
1236 3247 1392 3310 alius
1436 3246 1601 3322 haec,
1651 3249 1770 3311 alia
1815 3248 1963 3329 alii3
2009 3262 2074 3311 at
2122 3258 2192 3313 ut
2237 3269 2397 3311 unus
2444 3246 2812 3311 felicitatem

715 3369 971 3412 omnem
1018 3357 1388 3435 reportatam
1448 3359 1885 3435 consequatur,
1940 3350 2072 3416 fieri
2121 3373 2246 3415 non
2301 3358 2506 3436 potest
2531 3373 2552 3429 3
2601 3370 2814 3435 neque

692 3471 967 3537 possum
988 3448 1211 3528 dicere,
1236 3451 1487 3517 cuinam
1517 3452 1689 3517 hunc
1723 3452 1915 3517 Parca
1942 3455 2247 3518 bonorum
2292 3451 2481 3517 finem
2514 3453 2811 3517 stabilem

716 3546 1066 3635 praebuerit.
1108 3548 1266 3614 Tibi
1288 3572 1451 3631 vero,
1478 3573 1518 3615 o
1546 3549 1836 3632 Theari0‚
1869 3560 2348 3615 consentaneam
2367 3549 2809 3636 opportunita-

510 3643 605 3711 Ep.
607 3650 694 3758 73·
718 3662 850 3718 tem
896 3651 1205 3720 felicitatis
1246 3692 1338 3704 —
1384 3654 1540 3739 (illa)
1594 3654 1833 3736 tribuit,
1881 3675 2096 3740 resque
2144 3655 2463 3740 praeclaras
2506 3651 2811 3716 audacter

607 3715 658 3764 7'
717 3756 1154 3841 suscipientem
1182 3757 1511 3842 prudentia
1543 3780 1669 3821 non
1697 3757 1911 3822 deficit
1930 3757 2178 3821 mentis.
2225 3756 2478 3841 Hospes
2508 3774 2687 3836 sum,
2711 3764 2808 3818 te·

711 3860 1092 3927 nebricosam
1120 3881 1519 3924 summovens
1546 3859 1882 3942 invidiam3
1929 3882 2110 3946 aquae
2128 3861 2299 3923 velut
2328 3858 2511 3938 rivos,
2542 3855 2613 3920 in
2648 3855 2808 3921 ami-

707 3988 854 4030 cum
887 3963 1125 4031 ducens
1147 3964 1339 4028 decus
1384 3984 1622 4043 verum,
1666 3965 1954 4032 laudabo.
2029 3962 2415 4028 Commerita
2456 3982 2606 4026 vero
2661 3959 2808 4024 viris

438 4141 451 4156 ‚
497 4097 591 4148 3η,
622 4103 675 4153 4.
701 4070 879 4135 bonis
904 4090 1138 4134 merces
1166 4067 1330 4132 haec.
1359 4103 1450 4116 —
1480 4064 1680 4154 Prope
1710 4078 1922 4135 autem
1953 4067 2007 4134 si
2043 4066 2202 4133 adsit
2231 4066 2512 4132 Achaeus
2542 4065 2809 4151 aliquis,

559 4166 641 4215 94.

952 4358 981 4387 ⁴
1007 4358 1071 4405 At
1094 4372 1140 4405 v.
1162 4349 1282 4402 Not·
1733 4429 1740 4434 ι
1765 4363 1801 4418 †
1829 4355 2008 4409 nnat.
2029 4363 2082 4405 ut
2099 4363 2154 4406 ct
2168 4354 2228 4403 ad
2245 4356 2326 4404 94.
2356 4365 2462 4414 sqq.
