2925 5150
474 464 481 475 ·
575 442 658 503 ac
1418 428 1716 507 PYTH'
1733 441 1863 509 ιιι.

576 616 855 695 partem3
899 611 1207 679 candidis·
1210 611 1401 687 ulnis·
1389 604 1666 698 insignis
1686 624 1898 680 antem
1913 610 2199 697 Thyen'ae
2219 594 2467 700 Jupiter
2481 608 2674 709 pater

368 736 440 775 An
445 734 481 773 ι.
502 727 552 777 5.
583 713 750 778 venit
778 716 853 779 ad
900 706 1143 780 thorum
1199 706 1553 781 amabilem.
1593 754 1684 766 —-
1732 712 1942 801 Hujus
1985 736 2131 783 vero
2182 712 2424 798 (Peiei)
2463 700 2660 793 filius,

415 796 524 842 ¹⁷⁸·
580 834 765 901 quem
795 820 995 883 solum
1028 818 1393 883 immortalis
1422 817 1660 904 peperit
1690 818 1940 884 Phthiae
1966 816 2212 898 Thetis,
2235 818 2302 882 in
2333 816 2522 883 b‘ello
2548 834 2653 880 saa

580 921 754 1005 gittis
784 921 991 985 anima
1007 921 1251 999 amissa,
1269 919 1566 985 excitavit
1580 920 1713 1004 igni
1729 930 2155 987 concrematus
2177 921 2414 1015 Danais
2437 922 2666 1005 planc-

582 1034 741 1089 tum.
828 1024 898 1088 Si
944 1024 1086 1110 quis
1132 1023 1321 1107 igitur
1346 1024 1697 1088 mortalium
1730 1034 1942 1090 mente
1967 1032 2140 1090 tenet
2160 1025 2427 1089 veritatis
2471 1023 2684 1087 ratio·

585 1149 756 1209 nem,
787 1135 929 1191 eum
959 1129 1051 1190 sas
1080 1136 1196 1205 est,
1225 1125 1482 1190 deorum
1517 1125 1824 1205 beneficio
1851 1129 1905 1193 si
1933 1126 2337 1213 consequitur
2357 1126 2501 1205 hoc,
2527 1124 2672 1189 esse

588 1230 860 1293 felicem.
950 1226 1277 1309 (felicitate
1306 1227 1448 1305 frui,
1479 1228 1532 1293 si
1563 1227 1620 1291 ei
1647 1226 1918 1314 obtigit,
1961 1250 2179 1301 verum
2209 1238 2272 1293 et
2300 1229 2380 1294 ad
2405 1230 2690 1323 alteram

588 1334 902 1397 fortunam
933 1345 1217 1416 paratum
1249 1331 1469 1395 habere
1487 1336 1759 1416 pectus.)
1844 1330 1981 1397 Alis
1999 1353 2146 1398 vem
2168 1333 2324 1398 aliae
2327 1314 2490 1396 aurae
2506 1339 2670 1393 mut

589 1433 1090 1499 alte-volantium
1120 1443 1442 1498 ventorum
1464 1456 1485 1512 3
1532 1434 1820 1499 Felicitas
1850 1440 2031 1519 (que)
2053 1436 2385 1500 hominum
2407 1452 2530 1497 non
2546 1431 2666 1496 diu

591 1537 791 1610 durat,
820 1537 875 1600 si
903 1556 1027 1621 qua
1054 1554 1280 1619 magna
1302 1535 1614 1629 nimisque
1637 1537 1952 1605 cumulata
1976 1536 2215 1603 homini
2230 1535 2546 1623 ingruerit.
2573 1570 2672 1584 -

407 1632 568 1748 {¹33⁵-
592 1634 891 1702 Tenuiter
912 1659 1013 1701 me
1042 1659 1250 1722 geram
1269 1638 1334 1702 in
1360 1640 1608 1704 fortuna
1623 1638 1838 1720 tenni3
1871 1639 2203 1725 magnifice
2229 1637 2490 1724 (majore
2514 1658 2686 1702 cum·

525 1731 539 1746 ⁶
596 1732 904 1826 impensa)
935 1740 1000 1803 in
1031 1732 1359 1824 ampliori,
1341 1763 1358 1780 ·
1411 1763 1773 1827 semperque
1801 1763 2123 1827 eam,quae
2150 1743 2307 1808 mihi
2322 1743 2514 1822 adest,
2538 1743 2673 1806 for-

596 1855 815 1907 tunam
845 1841 1059 1906 animo
1086 1860 1419 1927 prosequar
1443 1864 1557 1930 pro
1601 1846 1835 1911 viribus
1881 1844 2037 1910 meis
2089 1845 2320 1910 colens.
2409 1844 2481 1910 Si
2525 1856 2692 1909 vem

600 1946 750 2012 mihi
782 1932 1023 2011 divitias
1061 1945 1215 2009 deus
1267 1948 1462 2011 lautas
1508 1940 1870 2035 praebuerit:
1918 1969 2092 2065 spem
2139 1949 2359 2028 habeo,
2407 1947 2674 2031 gloriam

601 2070 702 2115 me
730 2058 1223 2113 consecuturum
1249 2069 1385 2114 esse
1428 2053 1737 2116 excelsam
1766 2052 1933 2137 apud
1961 2028 2254 2137 liostems.
2340 2048 2696 2113 Nestorem

600 2163 666 2217 et
694 2152 954 2270 Lycium
984 2146 1428 2236 Sarpedonem,
1478 2154 1807 2219 hominum
1854 2156 2115 2239 fabulas,
2163 2175 2243 2218 ex
2297 2150 2694 2217 carminibus

601 2255 861 2332 sonoris,
907 2250 1169 2342 artifices
1218 2256 1425 2337 qualia
1473 2256 1779 2340 sapientes
1829 2257 2306 2335 concinnarunt,
2361 2253 2692 2318 novimus:

603 2357 815 2421 Virtus
841 2354 1009 2418 enim
1030 2353 1257 2418 inclitis
1279 2357 1654 2421 carminibus
1671 2346 1962 2423 diuturna
1976 2356 2197 2423 evadit.
2289 2355 2514 2421 Paucis
2527 2374 2684 2420 vero

605 2459 729 2540 (id)
759 2454 1001 2541 assequi
1030 2455 1210 2519 facile
1233 2466 1348 2520 est.

1413 2768 1735 2844 PYTH.
1782 2768 1903 2845 IV.

838 2951 1652 3038 ARCESILAO·
1709 2889 2298 3039 oYssENAE
2325 2951 2423 3045 o.

1488 3174 1848 3236 CURRU.

422 3397 523 3443 su.
552 3350 882 3441 1.Hon113
908 3378 1150 3456 oportet
1178 3378 1240 3435 te
1268 3370 1398 3436 viro
1424 3371 1630 3436 amico
1658 3372 1891 3454 adesse,
1911 3372 2369 3457 bellicosaeregi
2397 3370 2704 3456 Cyrenes,-

621 3489 695 3545 ut
718 3485 1272 3563 pompam-agente
1300 3496 1445 3539 cum
1465 3476 1800 3557 Arcesilan,
1818 3497 1859 3538 o
1880 3475 2091 3556 Musa,
2111 3475 2387 3540 Latoidis
2405 3474 2706 3554 debitum·

620 3578 1004 3665 Delphisque
1030 3577 1331 3643 secundes
1353 3599 1561 3642 auram
1592 3578 1926 3643 secundam
1969 3579 2357 3658 carminum3
2404 3578 2508 3642 ubi
2537 3577 2711 3643 olim
2797 3593 2810 3606 ·

620 3667 817 3750 auieis
837 3679 1015 3745 Jovis
1042 3679 1261 3764 aquilis
1289 3679 1588 3760 assidens,
1619 3701 1748 3744 non
1778 3681 2032 3744 absente
2059 3680 2381 3764 Apolline,
2409 3679 2710 3745 sacerdos

621 3785 872 3851 oraculo
913 3781 1136 3846 edixit:
1183 3782 1446 3848 Battum
1494 3783 1878 3848 conditorem
1909 3781 2224 3865 frugiferae
2251 3781 2493 3867 Libya»,
2523 3781 2712 3847 εἴκω

620 3889 829 3957 insula
860 3886 992 3973 jam
1023 3885 1256 3966 relicta,
1287 3887 1688 3952 conditurum
1734 3886 2442 3972 curribus-praestantem
2473 3888 2712 3951 urbem

382 4000 495 4051 Ant.
524 4005 600 4055 15.
625 3992 690 4057 in
709 3989 1014 4056 albicante
1031 3990 1214 4056 ubere
1234 3999 1449 4069 εει-τως
1481 4027 1568 4038 —-
1590 3999 1654 4053 et
1671 3988 1921 4053 Medeoe
1937 3986 2295 4054 vaticinium
2325 3988 2392 4052 in
2409 3984 2708 4054 animum

622 4097 1051 4160 revocaturum
1072 4112 1214 4157 cum
1246 4090 1511 4176 septima
1538 4100 1602 4155 et
1628 4091 1875 4156 decima
1890 4089 2286 4175 generatione
2309 4090 2653 4155 Thermum
2679 4113 2711 4170 3

629 4195 833 4263 AEetae
861 4194 1035 4282 quod·
1053 4192 1362 4280 quondam
1402 4196 1804 4279 magnanima
1845 4194 1972 4259 filia
2001 4195 2333 4262 efflavit-ex
2361 4193 2711 4260 immortali

629 4306 735 4379 ore
756 4300 969 4387 regina
998 4298 1394 4365 Colchorum.
1481 4298 1665 4363 Dixit
1695 4318 1836 4364 vero
1865 4297 1954 4362 sic
1983 4296 2272 4378 semideis
2287 4294 2537 4370 Jasonis
2567 4299 2710 4363 heb·
2783 4297 2788 4302 “
