2925 5150
904 549 1374 619 CARMEN
1419 548 1528 616 vl.
2206 560 2244 617 9

187 721 549 804 larisrhedae
575 717 1048 804 Psaumidisque
1075 719 1241 787 dona
1255 743 1278 801 3
1301 718 1592 805 quit-uam
1608 720 1818 785 urbem
1843 720 2241 808 amplificans,

186 842 225 885 o
250 821 609 902 Camarina,
638 823 1010 907 populorum
1041 821 1343 902 altricem,
1368 842 1499 889 aras
1542 840 1648 885 sex
1695 821 1970 906 geminas
2014 825 2242 891 conde-

185 924 446 1004 coravit,
487 924 648 989 festo
689 922 941 987 deorum
984 923 1281 1003 maximo,
1324 942 1469 995 cum
1513 923 1700 987 boum
1729 922 2040 991 sacrificiis
2064 924 2241 990 ludo·

178 1046 456 1111 rumque
484 1024 753 1110 quinque
770 1023 1007 1091 dierum
1025 1022 1482 1102 certaminibus,
1500 1044 1802 1110 equorum
1828 1026 2247 1111 mulorumque

176 1127 486 1206 curribus,
515 1123 931 1209 singularique
954 1145 1135 1209 equo.
1220 1124 1369 1193 Tibi
1396 1135 1608 1191 autem
1648 1125 1910 1210 gloriam
1953 1128 2248 1197 eximiam

178 1228 384 1294 victor
407 1226 808 1310 comparavit,
837 1234 904 1290 et
929 1246 1110 1291 suum
1138 1235 1377 1310 patrem
1407 1225 1718 1291 Aaronem
1762 1229 2160 1311 proclamavit
2186 1236 2251 1292 et

184 1350 392 1396 reeens
415 1327 755 1394 habitatam
784 1326 1013 1393 sedem.
1043 1362 1131 1376 —
1159 1326 1431 1395 Rediens
1458 1337 1671 1393 autem
1702 1325 2002 1395 OEnomai
2030 1340 2097 1395 et
2128 1329 2246 1396 Pe-
2268 1312 2388 1377 *¹3⁸-
2427 1331 2507 1376 ²⁰·

187 1431 341 1516 Iopis
368 1432 446 1496 ab
474 1429 848 1495 amabilibus
875 1429 1121 1495 sedibus
1150 1437 1354 1508 tuum,
1384 1450 1426 1492 o
1458 1428 1682 1507 Pallas,-
1709 1429 1954 1495 urbium
1997 1452 2242 1496 conser-

186 1530 403 1608 vatrix,
425 1529 687 1593 illustrat
708 1547 951 1593 sacrum
970 1527 1219 1608 lucum,
1241 1525 1624 1611 fluviumque
1646 1526 1922 1607 Oanum,
1950 1526 2243 1611 pffiam-

183 1652 307 1716 que
349 1630 657 1717 paludem,
697 1634 1019 1713 sacrosque
1064 1630 1290 1708 alveos,
1336 1627 1634 1714 Hipparis
1679 1648 1785 1713 per
1829 1648 1986 1714 quos
2028 1630 2240 1694 labens

182 1754 376 1819 aquas
440 1731 790 1817 suppeditat
857 1734 1107 1818 populo,
1164 1732 1491 1818 educitque
1555 1730 1893 1815 (Psaumis)
1965 1731 2241 1797 celeriter

185 1833 509 1899 stabilium
549 1833 771 1899 aedium
811 1835 1001 1900 altam
1045 1834 1283 1915 silvam,
1311 1855 1348 1898 e
1374 1854 1580 1901 rerum
1621 1832 1829 1920 inopia
1865 1833 2132 1901 evehens
2158 1833 2238 1898 ad

184 1932 653 2020 prosperitatem
680 1935 917 2005 huncce
942 1936 1243 2022 populum
1268 1935 1517 2004 civium.
1612 1934 1871 2020 Semper
1897 1936 2150 2022 quidem
2171 1936 2239 2005 in

182 2033 432 2120 magnis
444 2034 607 2101 ausis
622 2037 792 2102 labor
804 2045 1166 2122 sumtusque
1184 2045 1421 2105 certant
1435 2037 1500 2102 in
1531 2036 1849 2103 subeundo
1875 2058 2059 2123 opere
2077 2037 2238 2123 peri·

177 2136 340 2203 culis
356 2146 528 2204 tecto
540 2160 564 2219 3
595 2139 827 2225 sedqui
844 2141 1001 2209 bene
1026 2160 1158 2207 rem
1187 2150 1431 2225 gerunt,
1461 2140 1766 2225 sapientes
1787 2139 1975 2206 iidem
2003 2139 2239 2205 civibus

175 2239 482 2307 videntur.
505 2278 593 2292 -
622 2241 684 2306 Ο
701 2252 971 2311 servator
986 2242 1052 2310 in
1069 2242 1210 2309 altis
1229 2241 1497 2307 nubibus
1524 2239 1798 2327 Jupiter,
1843 2238 2239 2307 Saturnium·
2263 2242 2356 2309 Er·
2373 2243 2458 2296 ³⁹·

169 2363 293 2427 que
307 2343 657 2411 inhabitans
671 2346 919 2427 collem,
936 2355 1235 2432 mensque
1249 2345 1563 2432 Alpheum
1584 2346 1707 2410 late
1737 2346 2057 2422 fluentem,
2075 2343 2239 2410 Idae-

174 2459 402 2524 umque
418 2462 662 2507 sacrum
693 2451 963 2524 antrum,
981 2444 1059 2510 ad
1080 2452 1142 2509 te
1169 2445 1428 2529 supplex
1454 2442 1638 2508 venio
1662 2441 1873 2527 Lydiis
1904 2442 2229 2509 modulans
2305 2454 2314 2463 ”

177 2539 365 2624 tibiis,
380 2545 708 2629 petiturum,
724 2553 802 2612 ut
821 2547 1027 2614 urbem
1046 2546 1209 2614 hanc
1226 2545 1487 2614 strenuis
1503 2544 1643 2611 viris
1661 2543 1895 2612 inclitis
1916 2564 2095 2612 ornes
2113 2567 2135 2625 3
2163 2554 2236 2614 ut

180 2651 247 2707 et
272 2652 366 2721 tu,
382 2646 709 2734 Olympice
730 2649 942 2731 victor,
958 2649 1293 2736 Neptuniis
1310 2649 1485 2736 equis
1501 2647 1774 2733 gaudens
1790 2645 2003 2714 fruaris
2018 2665 2233 2712 senec·

184 2753 332 2810 tute
360 2745 440 2811 ad
466 2748 655 2814 finem
692 2750 836 2818 vitae
880 2751 1228 2836 tranquilla,
1255 2750 1419 2829 filiis,
1446 2771 1487 2813 o
1528 2748 1804 2828 Pssumi,
1834 2746 2237 2821 adstantibus.

178 2843 364 2911 Bene
392 2848 782 2918 constitutam
808 2862 1017 2918 autem
1042 2851 1094 2916 si
1121 2850 1259 2935 quis
1285 2850 1645 2918 felicitatem
1672 2850 1885 2929 babet,
1915 2847 2238 2914 abundans

174 2947 420 3031 Opibus,
442 2951 803 3040 laudemque
819 2954 1072 3041 insuper
1095 2959 1544 3038 consequutus,
1562 2949 1614 3014 is
1631 2969 1710 3014 ne
1740 2955 1970 3013 temere
2001 2953 2241 3030 quoerat

173 3047 324 3116 deus
350 3050 497 3122 fieri.

937 3411 1340 3488 OLYMP.
1393 3409 1518 3486 vl.

374 3598 970 3683 AGESIAE
1042 3588 2036 3684 SYRACUSANO,

826 3818 1151 3880 RHEDA
1211 3813 1605 3876 MULARI.

32 4047 33 4054 ¹
172 3992 235 4075 A
248 4035 519 4083 uanus
535 4016 930 4105 subjicientes
947 4021 1103 4085 bene
1118 4023 1425 4083 exstructo
1439 4016 1661 4082 domus
1683 4011 1984 4077 vestibulo
2000 4010 2240 4074 colum·
2267 4022 2362 4070 stc.
2388 4030 2414 4073 ι
2426 4055 2441 4071 .

169 4139 302 4200 nas,
362 4118 681 4206 pra-claris
730 4122 900 4186 velut
952 4121 1018 4185 in
1071 4120 1331 4198 sedibus,
1389 4118 1747 4183 educemus.
1835 4112 2242 4196 Auspicantes

168 4220 341 4286 enim
375 4244 538 4308 opus
566 4225 840 4289 frontem
869 4224 1044 4289 decet
1060 4244 1286 4308 ponere
1312 4222 1496 4308 longe
1525 4217 1929 4307 splendidam
2016 4210 2088 4273 Si
2105 4226 2246 4267 vero

166 4325 243 4390 sit
270 4328 663 4412 Olympicus
708 4326 928 4407 victor,
958 4349 1195 4413 aroeque
1222 4324 1489 4390 fatidicae
1521 4321 1743 4390 Jovis
1725 4341 1789 4383 in
1817 4315 1959 4380 Pisa
1985 4309 2244 4393 praefec·

168 4435 289 4510 tus,
322 4429 741 4517 conditorque
788 4428 1091 4497 nobilium
1134 4431 1597 4511 Syracusarum,
1628 4434 1961 4508 quemnam
1989 4408 2091 4473 ille
2121 4427 2246 4471 non

346 4552 620 4612 venat.
1193 4549 1230 4592 c
