2925 5150
669 490 755 549 86
1451 482 1965 552 ISTHMIA.

656 660 1004 745 frequenter
1029 655 1346 723 frondibus
1374 676 1609 737 eomas,
1639 664 1703 721 et
1731 677 1923 743 prope
1952 657 2188 722 fluenta
2225 656 2445 725 Dirces
2472 678 2752 745 apparu-t

404 742 568 860 ⁸⁹22:
587 746 640 794 ²·
659 783 782 843 ere,
827 771 890 826 et
917 781 1109 846 prope
1140 758 1463 839 Eurotam,
1509 796 1600 811 --
1649 758 1903 844 Iphiclis
1952 758 2210 844 quidem‘
2256 760 2419 825 filius
2474 761 2750 845 (Iolaus)

657 862 968 951 popularis
1012 862 1375 949 Spartorum
1433 860 1931 946 (Thebanorum)
1963 862 2158 946 genti,
2189 862 2568 947 Tyndarides
2597 888 2754 933 veru

657 967 817 1031 inter
857 965 1126 1031 Achaeos
1156 968 1344 1030 altam
1386 964 1746 1050 Therapnae
1772 962 2125 1028 inhabitans
2149 963 2382 1031 sedem.
2469 963 2746 1033 Salvete.

654 1067 800 1153 Ego
856 1088 1022 1151 vero,
1080 1068 1509 1154 Neptunoque
1569 1067 1937 1152 Isthmoque
1987 1068 2196 1133 divino
2251 1069 2744 1156 Onchestiisque

352 1232 356 1236 Α
654 1172 801 1257 ripis
832 1171 1213 1238 concinnans
1245 1180 1528 1252 cantum,
1557 1170 1882 1236 celebrabo
1912 1169 2100 1257 hujus
2129 1171 2242 1237 viri
2284 1173 2445 1238 inter
2473 1174 2745 1240 honores

457 1265 633 1383 81⁵3.
654 1273 936 1339 inclitam
967 1272 1309 1360 Asopodori
1350 1273 1539 1360 patris
1596 1282 1821 1339 sonem
1828 1273 2445 1360 ,—-Orchomenique
2471 1277 2741 1362 patriam

655 1385 923 1443 terram·
967 1397 1109 1461 quae
1136 1375 1343 1461 ipsum
1387 1374 1683 1440 innixum
1716 1374 2050 1460 naufragii·
2018 1374 2284 1442 -tabulis
2313 1398 2393 1441 ex
2419 1376 2740 1442 immenso

654 1478 812 1545 mari
870 1479 937 1542 in
982 1476 1282 1542 horrenda
1334 1476 1578 1562 excepit
1630 1477 2284 1543 calamitate.ch
2332 1499 2474 1544 vero
2522 1499 2741 1547 rursus

652 1580 931 1667 pristinae
982 1581 1155 1646 adest
1180 1582 1429 1646 fortuna
1454 1582 1800 1666 congenita
1822 1579 2152 1646 felicitatis.
2241 1582 2334 1648 At
2358 1581 2470 1668 qui
2500 1604 2736 1648 mrum-³

654 1704 765 1748 nas
793 1683 1067 1770 pertulit,
1095 1684 1147 1747 is
1176 1685 1404 1749 mentis
1432 1684 1621 1750 etiam
1644 1683 2090 1770 providentiam
2124 1685 2321 1751 adfert
2346 1684 2736 1767 (habet).—

441 1788 518 1838 An
489 1788 634 1902 ⁰38·ss-
654 1785 730 1849 Si
756 1807 897 1851 vero
925 1785 1135 1857 virtus
1147 1786 1416 1866 (virtutis
1439 1787 1836 1872 praemium)‘
1817 1809 1882 1852 ιιι
1900 1786 2118 1873 quovis
2134 1787 2486 1853 studiorum
2507 1808 2736 1872 genere

650 1889 964 1976 proposita
989 1896 1105 1970 est,
1134 1890 1447 1955 sumtibus
1489 1889 1715 1975 pariter
1758 1898 1944 1975 atque
1975 1889 2284 1955 laboribus
2313 1898 2557 1975 oportet
2584 1911 2727 1956 eam

652 1992 851 2058 nactis
882 1992 1241 2078 magnificas
1274 1994 1488 2058 laudes
1517 2015 1660 2059 ιιοιι
1673 1992 1895 2061 invidis
1923 1994 2187 2059 tribuere
2228 1992 2473 2058 animis.
2559 1992 2732 2059 Nam

651 2096 784 2160 leve
811 2095 1045 2161 donum
1076 2104 1170 2161 est
1198 2118 1236 2160 a
1263 2094 1392 2161 viro
1416 2096 1695 2182 sapiente
1741 2098 1976 2181 (poeta)
2022 2115 2135 2180 pro
2176 2094 2485 2161 laboribus
2526 2096 2733 2161 omui-

652 2198 873 2284 genis,
884 2198 1155 2264 carmine
1197 2197 1460 2275 dicendo
1503 2197 1823 2283 egregium
1866 2217 2200 2263 commune
2228 2196 2495 2261 excitare
2521 2197 2732 2263 decus.

450 2310 543 2376 Ep.
563 2314 612 2362 s,
653 2339 740 2349 —
771 2300 1015 2367 Merces
1043 2302 1210 2365 enim
1243 2300 1379 2367 aliis
1403 2301 1524 2364 alia
1548 2301 1629 2363 ob
1660 2301 1895 2364 labores
1939 2297 2296 2364 hominibus
2317 2282 2517 2364 dulcis
2550 2305 2732 2381 (eon-

512 2378 597 2426 63·
654 2402 864 2489 tingit)
899 2403 1272 2490 pastorique,
1301 2402 1668 2486 aratorique,
1699 2400 2050 2488 aucupique
2079 2411 2143 2466 et
2175 2402 2317 2485 (ei),
2347 2424 2528 2488 quem
2562 2422 2735 2466 mare

654 2509 786 2572 alit.
874 2508 966 2571 Ut
994 2530 1031 2572 a
1060 2515 1270 2572 ventre
1298 2505 1549 2592 quidem
1582 2505 1805 2570 horum
1836 2505 2037 2591 quivis
2079 2505 2346 2592 depellat
2373 2506 2598 2588 samem
2627 2513 2737 2568 te·

653 2618 834 2691 tram,
889 2620 1249 2696 occupatur.
1337 2608 1465 2678 Qui
1517 2630 1670 2696 vero·
1711 2609 1776 2673 in
1830 2609 2292 2690 certaminibus,
2315 2663 2324 2682 ,
2345 2617 2450 2674 aut
2503 2607 2733 2689 (bello)

651 2712 959 2802 praelian's,
991 2714 1310 2798 reportarit
1336 2713 1526 2776 decus
1567 2710 2000 2828 splendidum,
1983 2736 2000 2753 ·
2048 2713 2100 2777 is
2132 2714 2288 2777 bene
2317 2711 2603 2776 laudatus
2630 2712 2733 2773 lu-

656 2836 828 2881 crum
883 2837 1203 2882 summurn
1256 2814 1521 2901 accepit,
1576 2813 1810 2880 civium
1861 2822 1925 2880 et
1975 2813 2438 2900 peregrinorum
2495 2813 2736 2895 linguae

466 2927 564 2975 su.
582 2931 635 2980 4.
658 2920 913 3001 (laudis)
943 2922 1177 2986 florem.
1220 2959 1311 2970 —
1352 2920 1441 2985 At
1473 2939 1584 2984 nos
1625 2917 1805 2982 decet
1849 2915 2114 2981 vicissim
2145 2923 2207 2978 et
2234 2913 2485 2978 Saturni
2515 2922 2734 2977 terrae-

512 2997 592 3042 ⁷⁶
655 3035 1074 3116 quassatorem
1127 3023 1327 3088 filium
1379 3021 1683 3099 vicinum,
1723 3021 1880 3084 bene
1932 3018 2222 3084 meritum
2269 3014 2346 3079 de
2390 3012 2736 3098 quadrigis,

654 3147 946 3191 cursuum
996 3125 1373 3211 equestrium
1405 3122 1729 3208 praesidem
1766 3121 2208 3208 (Neptunum)
2235 3117 2443 3204 gratiis
2470 3117 2738 3201 agendis

654 3226 978 3306 celebrare,
1009 3236 1072 3289 et
1100 3233 1264 3306 tuos,
1292 3247 1333 3288 o
1361 3223 1762 3312 Amphitruo,
1793 3223 1952 3289 filios
1972 3223 2342 3309 compellare
2361 3219 2750 3304 Minyaeque

650 3347 955 3392 recessum
985 3327 1543 3409 (Orchomenum),
1571 3337 1635 3391 et
1665 3325 1901 3392 Cereris
1931 3325 2220 3390 inclitum
2237 3325 2451 3390 lucum
2476 3320 2729 3386 Eleusi-

653 3449 823 3504 nem,
854 3437 918 3493 et
949 3427 1288 3508 Euboeam,
1332 3428 1703 3494 inflexorum
1757 3427 2198 3492 curriculorum
2235 3423 2736 3506 (certaminum)

446 3539 563 3590 Ant.
583 3542 631 3587 4.
654 3551 889 3598 caussa.
931 3571 1022 3582 —
1061 3523 1274 3598 Tuum
1326 3551 1597 3620 quoque,
1641 3552 1681 3595 o
1726 3529 2064 3610 Protesiloe,
2116 3525 2499 3594 Achivorum
2546 3521 2741 3609 juxta

514 3606 597 3653 ⁸³
655 3632 969 3727 Phylacen
997 3637 1291 3704 sacellum
1316 3636 1495 3700 addo.
1586 3634 1712 3699 Sed
1740 3632 1953 3697 omnia
1975 3629 2204 3749 eloqui,
2235 3650 2379 3715 quoe
2406 3625 2737 3691 ludorum·

650 3760 881 3830 praeses
922 3738 1278 3808 Mercurius
1332 3737 1654 3804 Herodoto
1704 3735 1874 3800 dedit
1916 3734 2112 3820 equis,
2151 3731 2438 3817 prohibet
2477 3729 2736 3818 brevem

651 3863 1006 3909 mensuram
1057 3843 1291 3908 habens
1335 3841 1629 3925 hymnus.
1713 3836 2053 3902 Enimvero
2096 3854 2314 3922 sape
2309 3831 2521 3911 etiam,
2562 3811 2739 3914 quod

651 3957 745 4013 est
772 3946 1017 4013 silentio
1045 3944 1452 4033 praeteritum,
1484 3944 1862 4026 voluptatem
1908 3936 2204 4024 majorem
2233 3909 2411 4001 affert
2441 3929 2734 4016 (audien-

469 4060 546 4120 ΕΡ
582 4066 633 4111 4
654 4052 873 4132 tibus).
900 4089 990 4101 —-
1019 4046 1403 4134 Contingat
1383 4045 1501 4132 ipsi
1532 4042 1761 4128 (adhuc
1790 4043 1931 4124 hoc,
1956 4045 2062 4122 ut)
2087 4041 2277 4105 bene-
2280 4032 2586 4101 vocalium
2616 4029 2742 4096 alis

515 4128 598 4176 ⁹⁰⁶
654 4156 935 4236 sublatus
963 4150 1325 4238 splendidis
1343 4148 1657 4213 Pieridum
1685 4164 1865 4232 porro
1896 4141 2180 4228 Pythone
2208 4141 2399 4205 etiam
2429 4131 2742 4219 Olympi-2

649 4277 950 4342 oramque
978 4253 1223 4322 eximiis
1251 4252 1475 4338 Alphei
1519 4249 1840 4318 frondibus
1867 4245 2125 4331 impleat
2153 4262 2435 4320 manum,
2463 4233 2736 4322 gloriam

648 4358 1085 4450 septiportibus
1125 4353 1359 4422 Thebis
1387 4352 1678 4440 parando.
1762 4350 1834 4415 Si
1863 4369 2006 4416 vero
2032 4345 2174 4435 quis
2213 4345 2389 4416 intus
2427 4342 2601 4407 fovet
2625 4338 2735 4405 dt·
