2925 5150
990 507 1596 578 CARMENH.
2315 515 2352 571 5

288 696 625 781 paternam
648 696 915 760 istorum
943 702 1153 759 tuetur
1178 698 1388 759 laetam
1420 697 1722 759 fortunam
1751 693 2160 781 divinitusque
2186 695 2360 760 datas

291 818 471 883 opes,
495 797 775 882 aliquam
799 796 985 861 etiam
1012 796 1371 860 contrariam
1403 796 1524 859 alio
1545 784 1815 880 tempore
1837 795 2065 860 cladem
2089 794 2360 873 induxit,

293 898 455 964 dum
501 898 755 983 quidem
800 896 1101 962 interfecit
1141 897 1367 962 Laium
1412 896 1613 961 fatalis
1657 896 1817 961 filius
1859 896 2094 962 obviam
2137 896 2360 977 factus,

294 996 727 1085 Pythonisque
765 998 1091 1083 antiquum
1119 1000 1441 1062 oraculum
1493 999 1569 1063 ad
1610 1009 1901 1065 eventum
1934 998 2205 1065 adduxit.
2276 1036 2364 1051 --
2385 1015 2481 1061 su.
2512 1014 2561 1059 s.

298 1098 495 1168 Quod
523 1121 721 1186 quum
754 1099 1005 1165 vidisset
1054 1099 1206 1166 acris
1238 1099 1529 1185 Erinnys,
1560 1102 1787 1195 occidit
1820 1112 2041 1168 mutua
2069 1102 2237 1166 caede
2266 1122 2363 1166 so-
2385 1079 2470 1129 ⁷³·

293 1201 503 1266 bolem
534 1200 670 1288 ejus
698 1204 1077 1269 bellicosam.
1138 1204 1461 1289 Superstes
1493 1215 1699 1270 autem
1731 1207 1960 1271 mansit
1985 1204 2372 1271 Thersander

296 1303 632 1370 interemto
680 1305 981 1392 Polynici,
1018 1304 1398 1391 juvenih‘bus
1425 1309 1493 1372 in
1544 1306 1981 1372 certaminibus
2022 1306 2374 1392 praeliisque

297 1406 445 1471 belli
472 1407 675 1491 gloria
701 1408 986 1492 insignis,
1019 1407 1475 1473 Adrastidarum
1507 1429 1783 1493 germen.
1835 1405 1895 1471 E
1924 1406 2107 1492 cujus
2136 1408 2374 1472 semine

298 1516 507 1573 ortum
540 1506 930 1573 AEnesidami
961 1508 1159 1573 filium
1190 1510 1369 1574 decet
1395 1508 1744 1574 carminum
1774 1509 2044 1592 lyraeque
2075 1508 2371 1594 consequi

301 1610 539 1676 laudes.
567 1645 652 1659 —
685 1609 1005 1694 Olympias
1052 1610 1217 1675 enim
1267 1610 1401 1697 ipse
1426 1610 1761 1696 praemium
1806 1609 2067 1696 accepit,
2106 1609 2371 1695 Delphis
2401 1624 2580 1673 Anna.

303 1732 448 1777 vero
467 1711 654 1798 inque
678 1712 924 1777 Isthmo
944 1710 1374 1797 quadrigarum
1406 1710 1733 1779 duodecies
1761 1712 2131 1777 curriculum
2151 1735 2369 1781 emen·
2397 1694 2485 1741 ⁸⁷·
2563 1788 2574 1797 ⁴

314 1832 524 1877 sarum
564 1806 848 1878 coronam
899 1816 967 1879 in
1029 1823 1378 1880 consortem
1432 1814 1623 1879 etiam
1651 1852 1660 1865 r
1691 1814 1941 1879 fratrem
2002 1834 2372 1882 communes

322 1912 557 1979 Gratim
590 1914 881 2000 (victoria)
918 1917 1330 1985 deduxerunt.
1398 1917 1577 1981 Felix
1605 1926 1810 1982 autem
1842 1939 2158 1984 successus
2181 1934 2370 2006 expe*

310 2015 573 2082 rientem
605 2026 911 2084 certamen
934 2020 1149 2086 liberat
1166 2022 1244 2085 ab
1264 2020 1578 2086 oerumnis.
1607 2019 1948 2105 Opulentia
1971 2042 2114 2087 vero
2130 2022 2374 2087 virtuti·

312 2121 431 2185 bus
453 2127 670 2184 ornata
697 2113 961 2186 sustinet
988 2124 1237 2188 adversa
1267 2133 1331 2187 et
1366 2123 1663 2200 secunda,
1695 2130 1841 2186 utut
1877 2124 2235 2204 obveniunt,
2264 2124 2376 2189 ad·
2698 2195 2712 2211 .

316 2221 515 2287 bibito
579 2224 857 2308 graviore
902 2227 1313 2313 severioreque
1352 2225 1618 2312 judicio,
1641 2263 1727 2276 —
1750 2223 1917 2289 sidus
1964 2225 2230 2311 insigne,
2270 2249 2372 2291 ve·
2409 2229 2557 2291 sspod.
2588 2233 2639 2279 ³·

315 2345 453 2391 rum
482 2324 728 2390 homini
757 2329 970 2394 lumen
998 2354 1017 2394 z
1061 2349 1247 2414 quam
1278 2328 1331 2393 si
1359 2328 1500 2413 quis
1530 2336 1723 2410 tenet,
1740 2327 1915 2393 novit
1933 2328 1985 2392 is
2019 2332 2218 2413 (tenet
2243 2352 2376 2396 me·
2403 2298 2517 2344 ¹⁰¹⁶

316 2426 534 2507 moria)
566 2428 880 2512 futurum,
906 2431 1070 2518 quod
1118 2439 1503 2525 mortuorum
1535 2431 1665 2496 illic
1695 2429 1903 2497 statim
1933 2430 2150 2516 impiae
2199 2455 2374 2500 men-

316 2539 411 2597 tes
438 2552 660 2619 poenas
681 2532 891 2599 luunt.
957 2532 1247 2620 Namque
1274 2530 1504 2599 delicta
1531 2533 1597 2600 in
1626 2533 1748 2600 hoc
1776 2532 1953 2602 Jovis
1980 2533 2239 2621 imperio
2265 2539 2383 2603 sub

326 2641 481 2699 tcrra
508 2633 748 2720 judicat
800 2635 1017 2722 aliquis
1040 2635 1265 2702 infesta
1292 2636 1667 2702 sententiam
1725 2636 1940 2702 dicens
1997 2640 2382 2705 necessitate.

332 2770 423 2784 —
448 2735 538 2799 At
558 2735 706 2801 boni
731 2746 915 2803 nocte
941 2738 1170 2824 pariter
1186 2737 1410 2823 dieque
1436 2760 1681 2825 semper
1706 2741 1834 2805 sole
1861 2741 2132 2806 fruentes
2155 2763 2382 2807 rerum·
2408 2767 2504 2820 ser,
2535 2773 2588 2818 4,

330 2857 414 2904 m
438 2845 745 2902 carentem
769 2838 1003 2926 degunt
1023 2838 1239 2918 vitam,
1267 2859 1396 2902 non
1422 2846 1645 2904 terram
1674 2848 1991 2905 moventes
2005 2842 2220 2905 robore
2248 2863 2385 2906 ma·
2414 2835 2524 2882 ²⁰⁹·

325 2961 545 3020 nuum,
576 2961 776 3026 neque
818 2940 997 3028 ponti
1057 2938 1315 3020 unm,
1374 2948 1627 3003 tenuem
1654 2947 1905 3025 propter
1951 2940 2188 3005 victum
2216 2963 2236 3002 z
2280 2940 2389 3008 sed

326 3043 488 3128 apud
515 3041 824 3131 principes
851 3044 1130 3126 deorum,
1155 3042 1516 3130 quicunque
1544 3040 1914 3107 studuerunt
1930 3039 2221 3128 justitiae,
2253 3042 2389 3108 illa-

329 3146 653 3213 crimosam
685 3157 882 3234 agunt
931 3150 1123 3214 vitam
1141 3172 1164 3229 3
1209 3146 1299 3212 illi
1327 3167 1470 3210 vero
1498 3145 1794 3233 adspectu
1833 3144 2195 3212 horrendam
2229 3147 2387 3212 tole-

327 3256 463 3313 rant
501 3270 873 3316 erumnam.
900 3288 991 3302 -
1017 3249 1342 3338 Quotquot
1397 3269 1542 3313 vero
1588 3246 2038 3330 sustinuerunt,
2067 3258 2163 3315 ter
2211 3259 2386 3316 utro-
2416 3263 2530 3313 Αια.
2547 3266 2595 3315 4.

328 3350 510 3438 bique
538 3353 873 3439 degentes,
899 3356 977 3420 ab
1034 3352 1207 3419 omni
1261 3350 1566 3439 injustitia
1594 3352 1875 3417 animum
1927 3352 2267 3434 continere,
2298 3353 2391 3419 illi
2418 3332 2532 3378 ¹²⁸·
2561 3366 2567 3372 “

335 3455 658 3541 perficiunt
686 3455 865 3521 Jovis
893 3457 1057 3522 viam
1087 3456 1164 3523 ad
1195 3453 1451 3521 Saturni
1480 3455 1720 3534 urbem,
1745 3453 1851 3518 ubi
1881 3455 2198 3519 beatorum
2216 3455 2393 3522 insu·

336 3557 459 3622 lam
487 3558 845 3624 Oceanides
873 3581 1038 3626 auroe
1059 3558 1427 3648 per-spirant,
1458 3558 1755 3643 floresque
1781 3556 1944 3622 aurei
1971 3558 2242 3643 fulgent,
2273 3560 2394 3626 hu·

336 3681 442 3726 mo
463 3660 592 3740 alii,
649 3662 1001 3750 pulcrisque
1030 3663 1341 3729 arboribus
1392 3680 1672 3747 aquaque
1699 3660 1803 3725 ani
1847 3662 2397 3747 progerminantcs,

339 3762 501 3828 unde
526 3763 707 3829 sertis
732 3773 799 3829 et
827 3767 1069 3832 coronis
1093 3767 1420 3862 implicant
1449 3783 1694 3843 manus,
1711 3801 1801 3814 --
1818 3761 2158 3829 secundum
2186 3766 2396 3830 decre-
2430 3782 2580 3842 Epnd.
2610 3785 2661 3831 4.

336 3866 589 3951 tsjusta
614 3866 1101 3953 Rhadamanthi,
1133 3892 1322 3958 quem
1355 3868 1537 3933 Pater
1561 3868 1748 3932 habet
1789 3867 2090 3936 Saturnus
2116 3877 2397 3953 paratum
2427 3849 2536 3896 ¹³⁷·

335 3969 451 4033 sibi
474 3969 874 4054 adsessorem,
906 3973 1159 4039 maritus
1189 3973 1386 4038 Rheae
1438 3971 1724 4037 omnium
1750 3993 2100 4057 supremam
2130 3967 2400 4035 tenentis

334 4070 569 4137 sedem.
637 4071 857 4139 Peleus
883 4084 948 4140 et
978 4075 1251 4142 Cadmus
1274 4077 1432 4141 inter
1452 4074 1567 4139 hos
1585 4083 2025 4149 numerantur3
2054 4069 2401 4136 Achillem-

340 4194 461 4258 quc
491 4172 780 4257 adduxit,
811 4198 1008 4262 quum
1039 4178 1214 4245 Jovis
1243 4179 1522 4244 animum
1554 4177 1837 4263 precibus
1869 4175 2153 4250 flexisset,
2187 4180 2401 4255 mater,

339 4313 427 4325 —-
453 4278 562 4363 qui
596 4276 941 4347 Hectorem
972 4284 1317 4368 prostravit,
1340 4278 1551 4366 Trojae
1567 4281 2006 4346 inconcussam
2037 4271 2275 4336 firmam
2296 4294 2399 4337 00·
2431 4302 2527 4350 ser.
2559 4303 2606 4346 5.

341 4374 667 4462 ¹⁰¹¹¹¹²⁸m3
704 4379 1109 4474 Cycnumque
1127 4386 1296 4453 letho
1318 4383 1508 4467 dedit,
1532 4384 1913 4462 Auroraeque
1935 4373 2136 4442 filium
2154 4374 2405 4443 AEthio-
2436 4366 2546 4416 ¹⁴⁵·
