2925 5150
667 451 754 510 σα
997 432 1009 438 “
1445 410 1911 506 ·ΝΕΜΕΑ.

668 614 921 701 quidem
951 613 1208 679 aliorum
1238 611 1399 679 alioe.
1488 613 1757 699 Oportet
1785 619 1993 676 autem
2017 617 2186 675 recta
2198 606 2301 674 via
2315 610 2744 677 ambulantem

464 718 644 771 Anne.
666 702 867 784 anniti
891 740 1002 805 pro
1030 724 1265 782 natura.
1309 754 1400 766 —
1439 715 1635 781 Juvat
1662 714 1833 780 enim
1874 711 2211 779 certamina
2249 714 2454 792 robur,
2484 713 2750 778 consilia

531 785 615 901 εἶ’
668 842 879 886 mens:
944 830 1014 886 ut
1059 820 1394 905 prospiciat
1441 827 1732 884 eventum
1779 816 1942 903 quis,
1972 816 2325 901 ingenitum
2366 823 2482 894 est,
2511 814 2744 900 quibus

664 922 941 1009 quidem.
971 921 1241 1007 obtingit
1270 922 1447 988 illud.
1532 920 1676 985 Tua
1727 929 1963 998 autem,
2010 940 2050 983 o
2096 916 2455 1003 Agesidami
2509 916 2623 996 fili,
2671 917 2743 980 in

663 1024 869 1090 indole
895 1024 1245 1111 horumque
1274 1033 1338 1089 et
1364 1024 1614 1097 illorum
1638 1043 1787 1087 usus
1810 1030 1960 1089 sunt
1992 1021 2132 1107 (tibi
2160 1030 2377 1086 natura
2407 1027 2744 1104 utrumque

664 1108 888 1211 adest).
975 1128 1127 1193 Non
1152 1149 1296 1193 amo
1318 1148 1578 1214 magnas
1602 1124 1774 1190 domi
1796 1124 2040 1190 divitias
2062 1124 2450 1190 absconditas
2471 1124 2742 1204 habere3

666 1233 773 1297 sed
801 1230 1208 1317 praesentibus
1237 1239 1300 1296 et
1327 1233 1487 1296 bene
1515 1230 1660 1309 frui,
1690 1239 1753 1293 et
1781 1231 1942 1294 bene
1969 1229 2201 1309 audire,
2231 1228 2442 1294 amicis
2486 1227 2744 1291 benefa-

669 1332 907 1398 ciendo.
997 1334 1073 1400 ln
1103 1333 1226 1398 hoe
1260 1334 1426 1398 enim
1461 1333 1841 1398 conveniunt
1857 1339 1998 1396 vota
2019 1352 2245 1415 magna
2271 1328 2745 1414 suscipientium

483 1455 572 1519 Ep.
599 1462 645 1506 2
667 1435 954 1498 virorum.
980 1472 1071 1485 --
1095 1433 1242 1519 Ego
1269 1456 1412 1501 vero
1441 1435 1506 1498 in
1539 1434 1817 1499 Hercule
1848 1454 2051 1498 moror
2076 1433 2362 1515 libenter,
2385 1431 2448 1495 in
2471 1430 2750 1496 summis

532 1522 618 1571 ⁴⁹·
675 1534 752 1622 (ej
764 1540 858 1620 us)
889 1538 1183 1603 virtutum
1213 1538 1496 1624 fastigiis,
1528 1540 1852 1625 antiquam
1880 1537 2201 1602 exordiens
2224 1532 2550 1600 fabulam:
2578 1556 2746 1619 quo-

671 1640 877 1720 modo,
897 1649 1222 1727 postquam
1246 1663 1325 1706 ex
1348 1640 1677 1719 visceribus
1701 1634 1915 1706 matris
1938 1660 2212 1705 serenam
2240 1638 2408 1703 illico
2439 1612 2509 1702 in
2527 1638 2748 1703 lucem

671 1742 836 1807 filius
860 1741 1058 1824 Jovis,
1089 1753 1337 1829 partum
1383 1742 1669 1845 evadens,
1695 1744 1963 1828 gemello
1994 1764 2142 1807 cum
2175 1744 2356 1806 fratre
2386 1739 2635 1827 prodiit,
2661 1779 2756 1792 —

670 1845 771 1909 ille
798 1846 1050 1931 quidem
1079 1855 1243 1926 tum,
1276 1868 1401 1913 non
1431 1848 1631 1917 latens
1662 1847 2084 1916 auffluonam
2126 1843 2169 1913 J
2177 1866 2472 1925 unonem,
2503 1864 2752 1910 croceas

666 1946 886 2011 fascias
933 1948 1244 2034 ingressus
1274 1958 1368 2013 est
1385 1974 1407 2030 3
1454 1951 1564 2014 sed
1595 1950 1848 2015 deorum
1893 1951 2106 2034 regina
2135 1949 2363 2014 irritata
2387 1949 2614 2013 animo¹
2629 1947 2753 2012 im-

668 2047 838 2112 misit
866 2049 1162 2116 dracones
1195 2053 1518 2137 protiuus;
1543 2053 1654 2138 qui
1683 2051 1933 2137 quidem
1955 2053 2179 2137 apertis
2199 2050 2390 2137 portis
2408 2050 2476 2139 in
2496 2049 2757 2114 thalami

467 1832 549 1879 Str
529 1845 566 1879 r.
588 1834 640 1880 3.

534 1901 617 1945 5⁷.

664 2154 977 2236 penetrale
1004 2155 1285 2240 amplum
1303 2155 1701 2240 irrepserunt,
1726 2155 1999 2240 puerulis
2031 2154 2234 2220 avidas
2261 2154 2470 2219 malas
2482 2152 2751 2218 circum-

663 2255 893 2339 plicare
923 2259 1264 2345 eupientes.
1355 2256 1472 2321 Ille
1497 2268 1708 2327 autem
1738 2270 2017 2327 ereetum
2042 2256 2322 2322 extendit
2352 2265 2540 2343 eaput
2566 2246 2784 2320 feeit-'

463 2376 575 2424 Am.
587 2378 636 2441 3.
666 2378 789 2441 que
818 2360 1161 2443 periculum
1187 2359 1459 2445 primum
1481 2383 1714 2481 pugnas
1736 2362 2077 2428 -duabus
2095 2360 2433 2446 effingium-
2404 2381 2592 2424 -non-
2563 2358 2760 2423 -dan-

524 2443 608 2490 ⁶⁷·
663 2459 828 2524 tibus
859 2462 1147 2527 manibus
1178 2463 1308 2528 suis
1336 2465 1627 2549 geminos
1647 2467 1996 2586 ‘corripiens
2041 2464 2381 2530 cervicibus
2425 2471 2765 2555 serpentes.

663 2561 1079 2649 strangulatis
1111 2585 1255 2631 vero
1285 2575 1534 2653 tempus
1564 2570 1802 2635 animas
1827 2569 2054 2636 efflavit
2082 2591 2119 2633 e
2148 2568 2441 2633 membris
2464 2564 2757 2630 infandis.

657 2663 1050 2733 Intolerabile
1097 2690 1241 2734 vero
1286 2691 1433 2735 sane
1473 2668 1759 2757 jaculum
1815 2678 2052 2752 (terror)
2094 2671 2398 2757 percussit
2443 2667 2754 2746 mulieres,

656 2779 965 2857 quotquot
1015 2773 1344 2838 Alcmenae
1395 2775 1835 2841 ministrabant
1877 2797 2222 2860 puerperas.
2305 2771 2564 2835 Etenim
2615 2770 2760 2856 ipsa

655 2872 912 2956 pedibus
942 2875 1108 2944 nuda
1137 2875 1456 2959 prosiliens
1492 2898 1526 2937 e
1557 2886 1772 2953 stram,
1803 2878 1992 2939 simul
2027 2887 2200 2955 (cum
2228 2872 2386 2952 aliis)
2414 2874 2756 2954 propulsa-

452 2984 543 3096 Ep?-
578 2988 626 3036 3.
654 2977 742 3041 vit
788 2975 1072 3063 injuriam
1125 2977 1490 3042 bestiarum.
1536 3013 1625 3025 --
1670 2977 2017 3040 Confestim
2068 2986 2275 3040 autem
2321 2970 2749 3039 Cadmeorum

514 3053 599 3099 ⁷⁷·
653 3099 934 3163 proceres
965 3077 1138 3141 aereis
1164 3099 1313 3142 eum
1333 3076 1519 3141 armis
1537 3085 1930 3142 accurrerunt
1962 3076 2178 3142 crebri.
2270 3075 2474 3140 Manu
2489 3095 2754 3159 quoque

654 3177 1031 3263 Amphitruo
1058 3177 1278 3260 vagina
1312 3177 1554 3243 nudum
1584 3179 1828 3248 vibrans
1852 3201 2064 3244 ensem
2097 3180 2291 3260 venit,
2324 3178 2520 3245 acutis
2561 3178 2749 3242 dolo-

649 3280 820 3344 ribus
848 3299 1197 3366 percussus„
1287 3280 1457 3345 Nam
1508 3281 1922 3348 domesticum
1974 3282 2342 3359 (domestica
2389 3280 2738 3365 calamitas)

423 3451 435 3460 ‚
649 3382 928 3467 percellit
956 3403 1175 3447 omnes
1202 3382 1451 3468 pariter,
1466 3384 1674 3449 statim
1695 3405 1836 3450 vero
1864 3385 2339 3471 doloris-expers
2370 3406 2475 3452 cor
2491 3385 2555 3450 in
2572 3385 2754 3450 lucto

342 3505 353 3515 “
452 3506 547 3554 scr.
575 3511 621 3555 4.
651 3484 872 3551 alieno.
914 3486 1241 3575 —-·Stetit
1286 3508 1430 3552 vero
1477 3487 1544 3552 in
1591 3499 1908 3573 stuporem
1957 3511 2204 3574 gravem
2259 3488 2756 3576 jucundumque

512 3576 596 3621 ⁸⁵·
649 3584 988 3672 conjectus.
1075 3588 1344 3655 Videbat
1391 3591 1559 3656 enim
1617 3594 2020 3657 excellentem
2076 3591 2360 3657 animum
2418 3588 2741 3655 fortitudi-

651 3711 919 3788 nemque
946 3691 1077 3771 filii,
1110 3702 1175 3758 et
1202 3692 1267 3757 in
1300 3693 1676 3759 contrarium
1727 3715 1963 3759 versam
1996 3695 2114 3759 eil
2120 3699 2474 3762 mmortales
2518 3693 2742 3759 nunti-

649 3793 889 3860 antium
918 3796 1321 3862 narrationem
1364 3798 1710 3863 effecerant.
1800 3795 2409 3863 Vicinum‘evocavit
2436 3798 2614 3864 Jovis
2643 3798 2744 3861 al-

649 3895 873 3962 tissImi
903 3899 1265 3982 prophetam
1316 3901 1638 3980 eximium,
1672 3900 2002 3965 veridicum
2034 3899 2361 3983 Tiresiam,
2394 3901 2506 3987 qui
2534 3900 2594 3964 ei
2622 3922 2743 3964 ex-

647 4000 852 4087 posuit
880 4010 943 4065 et
973 4001 1145 4066 omni
1164 4005 1387 4082 turben,
1405 4004 1776 4089 quibuscum
1797 4001 2261 4071 conflictaturus
2286 4013 2447 4069 esset
2466 4003 2746 4086 casibus,

429 4118 617 4166 Ant-1.
648 4139 735 4154 —
776 4093 932 4191 quot
962 4101 1027 4168 ln
1074 4114 1231 4169 terra
1271 4105 1725 4189 interfecturus,
1758 4118 2035 4194 quotque
2075 4110 2137 4174 in
2167 4109 2320 4174 mari
2352 4107 2631 4176 bestias
2609 4129 2744 4176 lm·

505 4186 585 4234 ⁹⁵
648 4227 882 4290 manes,
910 4229 1227 4295 quemque
1257 4208 1442 4276 etiam
1476 4211 1806 4277 hominum
1838 4233 1982 4277 eum
2017 4213 2228 4299 iniqua
2270 4189 2653 4276 insolentia
2631 4231 2741 4274 m-

652 4312 1005 4396 cedentem3
1057 4313 1250 4382 diram
1281 4314 1340 4380 ei
1386 4316 1544 4398 dixit
1589 4336 1735 4381 eum
1785 4315 2098 4384 illaturum
2140 4325 2426 4384 mortem.
2522 4314 2746 4399 Atque
