2925 5150
838 432 1298 505 CARMEN
1361 433 1509 502 vll„
2112 440 2197 515 78

944 971 1015 1045 N
1023 971 1207 1047 EM.
1261 973 1419 1046 VII.

538 1278 1109 1400 sofiENI
1185 1284 1994 1388 AEGINETAE,·

530 1614 724 1661 IUTBR
754 1620 993 1660 Pussnos
1040 1621 1483 1662 nuxunuznrlo
1528 1620 1804 1666 vlc'rom.

131 1882 216 1964 Ο
246 1902 542 1978 Lucum,
585 1900 851 1966 assidens
898 1899 1111 1965 Parcis
1153 1900 1580 1987 prudentibus,
1610 1898 1738 1967 filia
1783 1906 2209 1990 praepotentis,
2237 1916 2336 1973 Str.
2365 1926 2411 1981 ι,

128 2007 307 2089 audi,
331 2004 625 2085 Junonis,
671 2004 943 2088 genitrix
972 2006 1331 2071 liberorum.
1398 2006 1656 2091 Absque
1703 2014 1767 2069 te
1816 2027 1943 2071 non
1982 2010 2215 2090 lucem,

132 2132 268 2176 non
299 2109 541 2195 nigram
563 2106 830 2172 contuiti
858 2117 1136 2189 noctem,
1166 2117 1338 2172 tuam
1370 2128 1644 2173 sororem
1663 2094 1860 2173 sortiti
1883 2109 2217 2178 fuissemus

124 2211 677 2300 pulcrimembrem
699 2205 1127 2294 juventutem.
1217 2211 1543 2297 Spiramus
1574 2211 1783 2274 autem
1841 2232 1968 2275 non
1998 2234 2217 2279 omnes

128 2314 267 2400 pari
300 2313 699 2379 conditione:
745 2310 853 2376 sed
898 2310 1199 2396 disjungit
1227 2310 1389 2377 fati
1362 2334 1594 2397 jugum
1627 2312 1822 2376 alium
1854 2312 1998 2379 alio,
2073 2314 2218 2381 Tuo

124 2438 279 2484 vero
302 2414 575 2501 auspicio
603 2415 793 2480 etiam
819 2415 989 2479 filius
1013 2415 1379 2482 Thearionis
1410 2414 1637 2485 virtute
1675 2414 1999 2501 judicatus
2031 2419 2212 2483 nobi-

129 2521 218 2584 lis
251 2526 531 2583 cantator
559 2517 839 2604 Sogenes
887 2516 1048 2583 inter
1096 2517 1627 2604 quinquertiones.
1656 2555 1747 2566 —-
1769 2517 1942 2584 Nam
1999 2518 2216 2590 urbem
2247 2554 2370 2606 Ant.
2390 2557 2453 2605 ³.

129 2620 727 2685 cantus-studiosam
784 2619 1086 2686 inhabitat
1131 2620 1749 2707 hasta-strepentium
1794 2621 2214 2690 AEacidarum.

122 2720 351 2785 Valde
379 2741 517 2784 vero
545 2721 794 2806 cupiunt
822 2720 1249 2806 experientem
1304 2739 1370 2786 se
1428 2722 1766 2786 certamine
1809 2725 2220 2808 (experiundo

121 2822 517 2902 certamina)
543 2821 813 2888 animum
846 2843 1152 2889 exercere.
1198 2822 1269 2885 Si
1300 2843 1442 2885 vero
1463 2821 1603 2905 quis
1644 2824 1713 2886 in
1744 2824 2034 2887 certando
2063 2825 2224 2889 felix

120 2927 337 3008 fuerit,
374 2926 678 2990 mellitam
710 2926 1029 2991 materiem
1073 2917 1220 2991 rivis
1248 2924 1577 2989 Musarum
1609 2925 1869 3008 praebet.
1959 2924 2222 3010 Magnae

118 3030 294 3094 enim
332 3025 596 3092 virtutes
627 3022 954 3113 caliginem
982 3030 1245 3092 multam
1279 3028 1536 3106 habent,
1567 3026 1620 3091 si
1649 3025 1900 3110 hymnis
1935 3038 2183 3093 careant
2199 3052 2221 3109 3

118 3130 441 3216 factisque
487 3129 805 3214 praeclaris
845 3117 1175 3215 speculu‘m
1223 3129 1645 3213 (contingere)
1700 3126 1988 3202 novimus
2036 3129 2225 3196 unico

121 3233 335 3312 modo,
367 3231 427 3297 si
457 3230 917 3317 Mnemosyncs
948 3234 1264 3296 voluntate
1296 3229 1891 3316 splendide-vittatae
1921 3231 2226 3298 invenerit

121 3334 357 3420 aliquis
368 3333 649 3422 praemia
676 3334 955 3398 laborum
987 3333 1217 3398 inclitis
1264 3332 1610 3398 carminum
1661 3331 1967 3399 c'antibus.
1999 3374 2080 3388 -—
2102 3325 2222 3400 Sa&
2247 3372 2342 3433 Ep,
2373 3366 2468 3417 2⁵.

113 3438 359 3524 pientes
416 3457 577 3501 vero
637 3434 914 3520 (navium
967 3435 1432 3521 gubernatores)
1484 3436 1763 3499 futurum
1818 3435 2252 3524 perendinum·

112 3550 379 3606 ventum
410 3549 575 3606 ante
607 3546 1016 3623 cognoscunt,
1072 3559 1271 3622 neque
1299 3538 1472 3602 lucro
1505 3535 1689 3621 (lucri
1731 3536 1964 3623 studio)
2026 3539 2225 3624 negli-

103 3653 291 3729 gunt.
376 3627 601 3709 Dives
630 3661 985 3727 pauperque
1012 3640 1225 3728 mortis
1253 3640 1332 3705 ad
1359 3641 1719 3724 sepulcrum
1753 3639 2040 3708 tendunt.
2085 3638 2236 3727 Ego
2356 3675 2364 3684 ·

106 3769 244 3813 vero
260 3747 662 3835 ampliorem
681 3743 935 3809 arbitror
952 3744 1183 3807 famam
1203 3742 1413 3828 Ulyssi
1431 3764 1617 3830 quam
1635 3762 1749 3828 pro
1764 3743 2111 3810 calamitate
2128 3766 2242 3808 sua

103 3874 209 3936 per
260 3851 737 3934 suaviloquum
788 3845 1128 3929 contigisse
1178 3844 1562 3911 Homerum.
1590 3882 1681 3893 -
1709 3842 2239 3930 Quandoquidem
2261 3854 2356 3903 str-
2363 3854 2438 3963 ,³⁸

100 3951 424 4042 figmentis
458 3950 623 4039 ejus
654 3948 909 4013 sublimi
963 3944 1246 4031 (ingenii)
1280 3947 1583 4012 facultate
1612 3966 1795 4030 grave
1840 3945 2003 4011 inest
2053 3918 2328 4028 quid-³

100 4055 259 4140 dam,
289 4054 733 4137 sollertiaque
762 4054 1007 4116 occulte
1038 4051 1338 4115 seducens
1368 4048 1615 4129 fabulis.
1694 4048 1975 4114 Coecum
2027 4053 2239 4112 autem

101 4182 194 4228 cor
221 4163 425 4228 habet
460 4152 832 4225 multitudo
860 4151 1189 4217 hominum
1221 4154 1520 4218 maxima.-
1591 4150 1762 4214 Nam
1810 4151 1861 4213 si
1891 4144 2252 4232 potuissent

100 4284 261 4331 suam
294 4262 663 4330 veritatem
701 4274 1103 4341 cognoscere,
1132 4274 1260 4320 non
1295 4275 1443 4322 sane
1466 4271 1779 4320 armorum
1812 4264 2029 4324 caussa
2056 4242 2253 4314 iratus

258 4368 549 4417 vo1.1r.
1198 4358 1241 4401 1.
