2925 5150
717 471 803 544 76
1515 466 2008 550 ’ΝΕΜΕΑ.’

716 646 1075 711 stantiorem
1120 647 1186 713 in
1203 656 1543 733 posterum.
1631 650 1855 718 Meum
1903 674 2047 718 vero
2093 673 2412 739 nunquam
2465 654 2818 735 sustinebit

718 766 827 810 cor
852 747 1060 832 impiis
1088 748 1576 836 Neoptolemum
1618 754 1883 819 lacerare
1910 753 2131 820 verbis.
2187 754 2388 843 xHaec
2425 763 2644 821 tamen
2675 767 2820 821 ter-

717 868 843 935 que
885 859 1219 936 quaterque
1269 856 1601 935 revolvere,
1651 856 1863 942 inopia
1906 866 2042 936 est3
2103 853 2312 942 pueris
2356 859 2527 924 velut
2565 860 2826 926 blata-o

723 954 969 1036 (parens
997 952 1210 1019 itidem
1240 958 1535 1042 repetit)2
1580 956 1624 1023 J
1626 959 1758 1023 ovis
1794 957 2160 1025 Corinthus.

1505 1424 1780 1504 NEM.
1838 1426 2033 1501 V111.
2244 1507 2247 1511 ,

996 1618 1488 1707 DINIAE
1555 1619 1981 1707 FILIO
2040 1620 2530 1718 MEGAE,

1265 1890 1293 1907 ,
1382 1854 2138 1940 AEqlNE'rAE,

1441 2058 1655 2101 aranu
1699 2056 1996 2103 consom-

524 2276 623 2325 ευ.
646 2282 694 2329 1.
716 2265 766 2352 J
784 2299 1054 2347 nvnc-m
1085 2274 1450 2352 veneranda,
1482 2295 1692 2367 praeco
1715 2271 1971 2338 Veneris
1997 2258 2281 2342 dulciu‘m
2309 2278 2619 2362 amonim,
2647 2303 2800 2368 qun

722 2377 1007 2462 virgineis
1025 2374 1457 2460 juvenumque
1487 2371 1761 2435 insidens
1788 2372 2094 2457 palpebris
2122 2373 2314 2441 alium
2339 2378 2587 2462 quidem
2617 2382 2799 2446 blan-

717 2478 811 2543 dis
847 2476 1010 2561 (fati)
1045 2475 1336 2541 manibus
1380 2482 1609 2559 gestas,
1640 2471 1834 2539 alium
1880 2493 2025 2538 vero
2054 2475 2191 2540 aliis
2227 2477 2320 2560 (h.
2360 2478 2572 2555 duris).
2657 2481 2798 2548 Ju-

720 2579 999 2656 cundum
1023 2587 1235 2642 autem
1266 2585 1383 2654 est,
1412 2577 1492 2639 ab
1522 2575 1983 2660 opportunitate
2016 2578 2349 2664 (aspirante
2365 2584 2544 2650 rebus
2561 2586 2800 2650 nostris

719 2685 992 2767 fortuna)
1028 2702 1155 2746 non
1184 2682 1561 2746 aberrantem
1607 2679 1675 2743 in
1725 2701 1789 2744 re
1835 2679 2126 2765 qualibet,
2157 2684 2440 2750 felicibus
2481 2686 2798 2754 amoribus

476 2782 594 2836 Ant.
615 2786 696 2876 19.
720 2786 905 2872 potiri
944 2807 1171 2873 posse„
1194 2820 1280 2834 --
1325 2781 1559 2850 Quales
1588 2782 1775 2846 etiam
1804 2781 1986 2848 Jovis
2019 2784 2395 2871 AEginaeque
2426 2789 2661 2854 lectum
2674 2791 2801 2856 cir-

721 2890 1207 2956 cumvolitarunt
1236 2884 1485 2971 Cypriae
1514 2884 1820 2951 donorum
1852 2888 2176 2954 custodesz
2221 2889 2601 2973 effloruitque
2629 2891 2804 2958 filius

724 2992 1042 3078 (AEacus),
1090 2989 1370 3054 OEnonse
1411 3009 1546 3067 rex,
1576 3008 1770 3052 manu
1798 2996 1863 3051 et
1905 2990 2182 3055 consiliis
2227 2990 2806 3077 praestantissimus.

718 3096 905 3179 Saepe
933 3115 1078 3157 eum
1113 3091 1295 3155 multi
1324 3098 1691 3175 optaverunt
1733 3089 1954 3156 videre.
2041 3092 2280 3179 Sponte
2319 3094 2485 3159 euim
2530 3095 2805 3164 heroum

720 3198 896 3262 fiores
927 3190 1581 3259 circumhabitantium
1629 3190 1788 3256 ultro
1819 3194 2107 3260 volebant
2134 3197 2300 3262 illius
2327 3218 2541 3283 parere
2568 3198 2806 3284 majes-

485 3297 585 3364 Ep.
610 3297 694 3351 19.
723 3297 873 3366 tatig
920 3333 1008 3345 —
1052 3315 1199 3359 cum
1243 3291 1352 3379 qui
1391 3293 1618 3378 asperis
1664 3294 1927 3360 Athenis
1974 3300 2406 3382 gubernabant
2446 3301 2758 3384 populum
2779 3326 2804 3381 ς

721 3410 859 3468 tum
892 3397 1336 3484 Spartanorum
1384 3393 1719 3479 Pelopidae.
1805 3394 1952 3482 Ego
1994 3420 2135 3464 vero
2175 3402 2436 3487 supplex
2467 3401 2661 3468 AEaci
2691 3425 2806 3470 ve-

723 3501 990 3582 neranda
1015 3520 1243 3584 genua,
1275 3521 1419 3567 cum
1465 3499 1622 3568 urbe
1673 3520 1786 3584 pro
1813 3520 1975 3580 cara,
2006 3509 2140 3566 tum
2187 3504 2426 3570 civibus
2457 3525 2569 3589 pro
2597 3504 2804 3587 hisce,

719 3606 981 3689 attingo,
1025 3602 1284 3672 afferens
1335 3600 1598 3686 Lydiam
1651 3600 1898 3670 mitram
1946 3622 2167 3668 sonore
2218 3606 2538 3687 variatam,
2575 3605 2806 3674 Dinia

718 3705 1060 3791 duplicium
1093 3704 1431 3772 stadiorum
1463 3713 1527 3767 et
1569 3704 1756 3787 patris
1801 3704 2017 3790 Megae
2060 3704 2435 3772 Nemeaeum
2465 3728 2809 3776 ornamen-

718 3819 883 3890 tum.
969 3807 1132 3873 Cum
1161 3808 1278 3872 deo
1309 3828 1580 3891 namque
1616 3808 1894 3892 plantata
1932 3807 2195 3874 felicitas
2225 3808 2812 3878 hominibusdura·

517 3910 618 3960 δ”·
650 3919 697 3964 ²·
720 3913 898 3980 bilior
926 3922 1052 3992 θεῖς
1101 3949 1190 3961 -
1230 3909 1338 3995 qui
1372 3908 1578 3994 (deus)
1608 3907 1758 3978 olim
1808 3910 1995 3976 etiam
2027 3908 2321 3994 Cinyram
2365 3911 2541 3975 auxit
2567 3911 2814 3979 divitiis

581 3983 670 4037 ω’
722 4019 956 4084 marina
984 4014 1049 4080 in
1081 3987 1305 4099 Cypro,
1392 4009 1703 4091 Consisto‚
1740 4012 1905 4097 (etsi)
1927 4033 2075 4078 sane
2091 4013 2356 4100 pedibus
2375 4014 2816 4096 velocibuget

713 4124 1038 4210 respirans,
1058 4107 1398 4214 'antequam
1441 4112 1673 4199 aliquid
1723 4113 2037 4200 adjiciam.
2120 4115 2290 4180 Nam
2339 4116 2538 4179 multa
2579 4120 2816 4185 multis

713 4228 879 4306 dicta
920 4232 1097 4290 sunu
1165 4209 1360 4281 ‘Nova
1388 4238 1532 4283 vero
1558 4217 1812 4286 inventa
1841 4219 2074 4290 tradere
2102 4216 2376 4283 examini
2419 4219 2816 4303 exploranda

713 4330 969 4404 omniuo
997 4322 1413 4420 periculosum
1456 4330 1589 4389 esta
1634 4323 1961 4402 obsonium
2005 4322 2585 4410 (oblectamentum)
2615 4321 2810 4402 dicta
